%YAML 1.1
%TAG !u! tag:unity3d.com,2011:
--- !u!1 &90371332118962982
GameObject:
  m_ObjectHideFlags: 0
  m_CorrespondingSourceObject: {fileID: 0}
  m_PrefabInstance: {fileID: 0}
  m_PrefabAsset: {fileID: 0}
  serializedVersion: 6
  m_Component:
  - component: {fileID: 5617176900248112526}
  m_Layer: 0
  m_Name: finger1.R
  m_TagString: Untagged
  m_Icon: {fileID: 0}
  m_NavMeshLayer: 0
  m_StaticEditorFlags: 0
  m_IsActive: 1
--- !u!4 &5617176900248112526
Transform:
  m_ObjectHideFlags: 0
  m_CorrespondingSourceObject: {fileID: 0}
  m_PrefabInstance: {fileID: 0}
  m_PrefabAsset: {fileID: 0}
  m_GameObject: {fileID: 90371332118962982}
  m_LocalRotation: {x: 0.40494764, y: -0.019597486, z: -0.04400099, w: 0.91307026}
  m_LocalPosition: {x: -0.00004457008, y: 0.00090209587, z: 0.0013091066}
  m_LocalScale: {x: 1, y: 1, z: 1}
  m_Children:
  - {fileID: 975741239980882702}
  m_Father: {fileID: 7832250659241490725}
  m_RootOrder: 1
  m_LocalEulerAnglesHint: {x: 56.803127, y: -14.768161, z: -31.079313}
--- !u!1 &245444339863038630
GameObject:
  m_ObjectHideFlags: 0
  m_CorrespondingSourceObject: {fileID: 0}
  m_PrefabInstance: {fileID: 0}
  m_PrefabAsset: {fileID: 0}
  serializedVersion: 6
  m_Component:
  - component: {fileID: 1852834485360175041}
  m_Layer: 0
  m_Name: body2
  m_TagString: Untagged
  m_Icon: {fileID: 0}
  m_NavMeshLayer: 0
  m_StaticEditorFlags: 0
  m_IsActive: 1
--- !u!4 &1852834485360175041
Transform:
  m_ObjectHideFlags: 0
  m_CorrespondingSourceObject: {fileID: 0}
  m_PrefabInstance: {fileID: 0}
  m_PrefabAsset: {fileID: 0}
  m_GameObject: {fileID: 245444339863038630}
  m_LocalRotation: {x: 0.05255635, y: -0.06594231, z: -0.0066592544, w: 0.99641615}
  m_LocalPosition: {x: 1.7763568e-17, y: 0.004525249, z: -3.7252902e-11}
  m_LocalScale: {x: 0.99999994, y: 1, z: 1.0000001}
  m_Children:
  - {fileID: 5856939391739243554}
  - {fileID: 8698312027161133047}
  - {fileID: 9049370096520607438}
  m_Father: {fileID: 6764784586591382186}
  m_RootOrder: 0
  m_LocalEulerAnglesHint: {x: 0.59217495, y: -6.4793, z: -1.2461673}
--- !u!1 &546917299447456312
GameObject:
  m_ObjectHideFlags: 0
  m_CorrespondingSourceObject: {fileID: 0}
  m_PrefabInstance: {fileID: 0}
  m_PrefabAsset: {fileID: 0}
  serializedVersion: 6
  m_Component:
  - component: {fileID: 1208042205256438488}
  m_Layer: 0
  m_Name: leg.L
  m_TagString: Untagged
  m_Icon: {fileID: 0}
  m_NavMeshLayer: 0
  m_StaticEditorFlags: 0
  m_IsActive: 1
--- !u!4 &1208042205256438488
Transform:
  m_ObjectHideFlags: 0
  m_CorrespondingSourceObject: {fileID: 0}
  m_PrefabInstance: {fileID: 0}
  m_PrefabAsset: {fileID: 0}
  m_GameObject: {fileID: 546917299447456312}
  m_LocalRotation: {x: 0.059902433, y: 0.0044761547, z: 0.3164342, w: 0.94671065}
  m_LocalPosition: {x: -2.561137e-10, y: 0.0052075353, z: 1.9790604e-10}
  m_LocalScale: {x: 1.0000005, y: 0.9999993, z: 0.99999803}
  m_Children:
  - {fileID: 5037950601984044178}
  m_Father: {fileID: 1458191046563107818}
  m_RootOrder: 0
  m_LocalEulerAnglesHint: {x: 6.365793, y: 2.6842933, z: 37.242653}
--- !u!1 &595660130176566855
GameObject:
  m_ObjectHideFlags: 0
  m_CorrespondingSourceObject: {fileID: 0}
  m_PrefabInstance: {fileID: 0}
  m_PrefabAsset: {fileID: 0}
  serializedVersion: 6
  m_Component:
  - component: {fileID: 1358961089772964877}
  m_Layer: 0
  m_Name: Armature
  m_TagString: Untagged
  m_Icon: {fileID: 0}
  m_NavMeshLayer: 0
  m_StaticEditorFlags: 0
  m_IsActive: 1
--- !u!4 &1358961089772964877
Transform:
  m_ObjectHideFlags: 0
  m_CorrespondingSourceObject: {fileID: 0}
  m_PrefabInstance: {fileID: 0}
  m_PrefabAsset: {fileID: 0}
  m_GameObject: {fileID: 595660130176566855}
  m_LocalRotation: {x: -0.7071068, y: 0, z: -0, w: 0.7071067}
  m_LocalPosition: {x: -0, y: 0, z: 0}
  m_LocalScale: {x: 25.693548, y: 25.693548, z: 25.693548}
  m_Children:
  - {fileID: 6764784586591382186}
  - {fileID: 6445549556446974438}
  - {fileID: 3915696669671303647}
  m_Father: {fileID: 7956500152780659859}
  m_RootOrder: 0
  m_LocalEulerAnglesHint: {x: -89.98021, y: 0, z: 0}
--- !u!1 &656422204865441401
GameObject:
  m_ObjectHideFlags: 0
  m_CorrespondingSourceObject: {fileID: 0}
  m_PrefabInstance: {fileID: 0}
  m_PrefabAsset: {fileID: 0}
  serializedVersion: 6
  m_Component:
  - component: {fileID: 6764784586591382186}
  m_Layer: 0
  m_Name: body1
  m_TagString: Untagged
  m_Icon: {fileID: 0}
  m_NavMeshLayer: 0
  m_StaticEditorFlags: 0
  m_IsActive: 1
--- !u!4 &6764784586591382186
Transform:
  m_ObjectHideFlags: 0
  m_CorrespondingSourceObject: {fileID: 0}
  m_PrefabInstance: {fileID: 0}
  m_PrefabAsset: {fileID: 0}
  m_GameObject: {fileID: 656422204865441401}
  m_LocalRotation: {x: 0.7331585, y: -0.00000008106925, z: -0.0000000873993, w: 0.6800578}
  m_LocalPosition: {x: -0, y: -2.3283064e-12, z: 0.01062302}
  m_LocalScale: {x: 1, y: 1, z: 1}
  m_Children:
  - {fileID: 1852834485360175041}
  - {fileID: 1458191046563107818}
  - {fileID: 392814658807368043}
  m_Father: {fileID: 1358961089772964877}
  m_RootOrder: 0
  m_LocalEulerAnglesHint: {x: 85.27062, y: 133.29166, z: 133.35577}
--- !u!1 &716911241689530068
GameObject:
  m_ObjectHideFlags: 0
  m_CorrespondingSourceObject: {fileID: 0}
  m_PrefabInstance: {fileID: 0}
  m_PrefabAsset: {fileID: 0}
  serializedVersion: 6
  m_Component:
  - component: {fileID: 8545905380804100412}
  m_Layer: 0
  m_Name: leg.R
  m_TagString: Untagged
  m_Icon: {fileID: 0}
  m_NavMeshLayer: 0
  m_StaticEditorFlags: 0
  m_IsActive: 1
--- !u!4 &8545905380804100412
Transform:
  m_ObjectHideFlags: 0
  m_CorrespondingSourceObject: {fileID: 0}
  m_PrefabInstance: {fileID: 0}
  m_PrefabAsset: {fileID: 0}
  m_GameObject: {fileID: 716911241689530068}
  m_LocalRotation: {x: 0.045138586, y: -0.003313512, z: -0.21033351, w: 0.9765815}
  m_LocalPosition: {x: -3.5390257e-10, y: 0.0052075326, z: 1.2805686e-10}
  m_LocalScale: {x: 1.0000001, y: 0.9999996, z: 0.99999815}
  m_Children:
  - {fileID: 5604940124090872383}
  m_Father: {fileID: 392814658807368043}
  m_RootOrder: 0
  m_LocalEulerAnglesHint: {x: -0.33565116, y: -6.364819, z: -26.271006}
--- !u!1 &1124905420392234915
GameObject:
  m_ObjectHideFlags: 0
  m_CorrespondingSourceObject: {fileID: 0}
  m_PrefabInstance: {fileID: 0}
  m_PrefabAsset: {fileID: 0}
  serializedVersion: 6
  m_Component:
  - component: {fileID: 4321496963529062249}
  - component: {fileID: 7743125441123308978}
  - component: {fileID: 5640005079923934147}
  m_Layer: 0
  m_Name: mu1
  m_TagString: Untagged
  m_Icon: {fileID: 0}
  m_NavMeshLayer: 0
  m_StaticEditorFlags: 0
  m_IsActive: 0
--- !u!4 &4321496963529062249
Transform:
  m_ObjectHideFlags: 0
  m_CorrespondingSourceObject: {fileID: 0}
  m_PrefabInstance: {fileID: 0}
  m_PrefabAsset: {fileID: 0}
  m_GameObject: {fileID: 1124905420392234915}
  m_LocalRotation: {x: -0.00000009685753, y: 0.000000115483985, z: 0.0000000027939675, w: 1}
  m_LocalPosition: {x: 0, y: -0.0018368582, z: -0.00013101764}
  m_LocalScale: {x: 0.038920276, y: 0.038920272, z: 0.038920272}
  m_Children: []
  m_Father: {fileID: 6731843694116162236}
  m_RootOrder: 0
  m_LocalEulerAnglesHint: {x: 2.0724354, y: -14.918346, z: -1.2178185}
--- !u!33 &7743125441123308978
MeshFilter:
  m_ObjectHideFlags: 0
  m_CorrespondingSourceObject: {fileID: 0}
  m_PrefabInstance: {fileID: 0}
  m_PrefabAsset: {fileID: 0}
  m_GameObject: {fileID: 1124905420392234915}
  m_Mesh: {fileID: -6001044856270576628, guid: b5effe6b68de88a4e9f35cefbc597762, type: 3}
--- !u!23 &5640005079923934147
MeshRenderer:
  m_ObjectHideFlags: 0
  m_CorrespondingSourceObject: {fileID: 0}
  m_PrefabInstance: {fileID: 0}
  m_PrefabAsset: {fileID: 0}
  m_GameObject: {fileID: 1124905420392234915}
  m_Enabled: 1
  m_CastShadows: 1
  m_ReceiveShadows: 1
  m_DynamicOccludee: 1
  m_MotionVectors: 1
  m_LightProbeUsage: 1
  m_ReflectionProbeUsage: 1
  m_RayTracingMode: 2
  m_RayTraceProcedural: 0
  m_RenderingLayerMask: 1
  m_RendererPriority: 0
  m_Materials:
  - {fileID: 2100000, guid: ff8bec41e6d840240baae8a9a2c07e5c, type: 2}
  m_StaticBatchInfo:
    firstSubMesh: 0
    subMeshCount: 0
  m_StaticBatchRoot: {fileID: 0}
  m_ProbeAnchor: {fileID: 0}
  m_LightProbeVolumeOverride: {fileID: 0}
  m_ScaleInLightmap: 1
  m_ReceiveGI: 1
  m_PreserveUVs: 0
  m_IgnoreNormalsForChartDetection: 0
  m_ImportantGI: 0
  m_StitchLightmapSeams: 1
  m_SelectedEditorRenderState: 3
  m_MinimumChartSize: 4
  m_AutoUVMaxDistance: 0.5
  m_AutoUVMaxAngle: 89
  m_LightmapParameters: {fileID: 0}
  m_SortingLayerID: 0
  m_SortingLayer: 0
  m_SortingOrder: 0
  m_AdditionalVertexStreams: {fileID: 0}
--- !u!1 &1136397177769982628
GameObject:
  m_ObjectHideFlags: 0
  m_CorrespondingSourceObject: {fileID: 0}
  m_PrefabInstance: {fileID: 0}
  m_PrefabAsset: {fileID: 0}
  serializedVersion: 6
  m_Component:
  - component: {fileID: 3254964819531814100}
  - component: {fileID: 831685188856570543}
  - component: {fileID: 8271200394933745954}
  m_Layer: 0
  m_Name: mu4
  m_TagString: Untagged
  m_Icon: {fileID: 0}
  m_NavMeshLayer: 0
  m_StaticEditorFlags: 0
  m_IsActive: 0
--- !u!4 &3254964819531814100
Transform:
  m_ObjectHideFlags: 0
  m_CorrespondingSourceObject: {fileID: 0}
  m_PrefabInstance: {fileID: 0}
  m_PrefabAsset: {fileID: 0}
  m_GameObject: {fileID: 1136397177769982628}
  m_LocalRotation: {x: -0.00000009685753, y: 0.000000115483985, z: 0.0000000027939675, w: 1}
  m_LocalPosition: {x: 0, y: 0.0018036766, z: -0.00013101805}
  m_LocalScale: {x: 0.038920276, y: 0.038920272, z: 0.038920272}
  m_Children: []
  m_Father: {fileID: 6731843694116162236}
  m_RootOrder: 3
  m_LocalEulerAnglesHint: {x: 2.0724354, y: -14.918346, z: -1.2178185}
--- !u!33 &831685188856570543
MeshFilter:
  m_ObjectHideFlags: 0
  m_CorrespondingSourceObject: {fileID: 0}
  m_PrefabInstance: {fileID: 0}
  m_PrefabAsset: {fileID: 0}
  m_GameObject: {fileID: 1136397177769982628}
  m_Mesh: {fileID: -90610311381715637, guid: b5effe6b68de88a4e9f35cefbc597762, type: 3}
--- !u!23 &8271200394933745954
MeshRenderer:
  m_ObjectHideFlags: 0
  m_CorrespondingSourceObject: {fileID: 0}
  m_PrefabInstance: {fileID: 0}
  m_PrefabAsset: {fileID: 0}
  m_GameObject: {fileID: 1136397177769982628}
  m_Enabled: 1
  m_CastShadows: 1
  m_ReceiveShadows: 1
  m_DynamicOccludee: 1
  m_MotionVectors: 1
  m_LightProbeUsage: 1
  m_ReflectionProbeUsage: 1
  m_RayTracingMode: 2
  m_RayTraceProcedural: 0
  m_RenderingLayerMask: 1
  m_RendererPriority: 0
  m_Materials:
  - {fileID: 2100000, guid: ff8bec41e6d840240baae8a9a2c07e5c, type: 2}
  m_StaticBatchInfo:
    firstSubMesh: 0
    subMeshCount: 0
  m_StaticBatchRoot: {fileID: 0}
  m_ProbeAnchor: {fileID: 0}
  m_LightProbeVolumeOverride: {fileID: 0}
  m_ScaleInLightmap: 1
  m_ReceiveGI: 1
  m_PreserveUVs: 0
  m_IgnoreNormalsForChartDetection: 0
  m_ImportantGI: 0
  m_StitchLightmapSeams: 1
  m_SelectedEditorRenderState: 3
  m_MinimumChartSize: 4
  m_AutoUVMaxDistance: 0.5
  m_AutoUVMaxAngle: 89
  m_LightmapParameters: {fileID: 0}
  m_SortingLayerID: 0
  m_SortingLayer: 0
  m_SortingOrder: 0
  m_AdditionalVertexStreams: {fileID: 0}
--- !u!1 &1578707137086268715
GameObject:
  m_ObjectHideFlags: 0
  m_CorrespondingSourceObject: {fileID: 0}
  m_PrefabInstance: {fileID: 0}
  m_PrefabAsset: {fileID: 0}
  serializedVersion: 6
  m_Component:
  - component: {fileID: 591033346323763253}
  - component: {fileID: 3905095650217823338}
  - component: {fileID: 3073095543803157062}
  m_Layer: 0
  m_Name: mu2
  m_TagString: Untagged
  m_Icon: {fileID: 0}
  m_NavMeshLayer: 0
  m_StaticEditorFlags: 0
  m_IsActive: 0
--- !u!4 &591033346323763253
Transform:
  m_ObjectHideFlags: 0
  m_CorrespondingSourceObject: {fileID: 0}
  m_PrefabInstance: {fileID: 0}
  m_PrefabAsset: {fileID: 0}
  m_GameObject: {fileID: 1578707137086268715}
  m_LocalRotation: {x: 0.000000047963105, y: 0.99462163, z: -0.103575245, w: 0.00000031292436}
  m_LocalPosition: {x: 0, y: -0.0022588228, z: -0.000044576416}
  m_LocalScale: {x: 0.038920276, y: 0.038920272, z: 0.038920272}
  m_Children: []
  m_Father: {fileID: 6731843694116162236}
  m_RootOrder: 1
  m_LocalEulerAnglesHint: {x: 9.809364, y: 165.3115, z: 1.2464564}
--- !u!33 &3905095650217823338
MeshFilter:
  m_ObjectHideFlags: 0
  m_CorrespondingSourceObject: {fileID: 0}
  m_PrefabInstance: {fileID: 0}
  m_PrefabAsset: {fileID: 0}
  m_GameObject: {fileID: 1578707137086268715}
  m_Mesh: {fileID: -4072713024430490197, guid: b5effe6b68de88a4e9f35cefbc597762, type: 3}
--- !u!23 &3073095543803157062
MeshRenderer:
  m_ObjectHideFlags: 0
  m_CorrespondingSourceObject: {fileID: 0}
  m_PrefabInstance: {fileID: 0}
  m_PrefabAsset: {fileID: 0}
  m_GameObject: {fileID: 1578707137086268715}
  m_Enabled: 1
  m_CastShadows: 1
  m_ReceiveShadows: 1
  m_DynamicOccludee: 1
  m_MotionVectors: 1
  m_LightProbeUsage: 1
  m_ReflectionProbeUsage: 1
  m_RayTracingMode: 2
  m_RayTraceProcedural: 0
  m_RenderingLayerMask: 1
  m_RendererPriority: 0
  m_Materials:
  - {fileID: 2100000, guid: ff8bec41e6d840240baae8a9a2c07e5c, type: 2}
  m_StaticBatchInfo:
    firstSubMesh: 0
    subMeshCount: 0
  m_StaticBatchRoot: {fileID: 0}
  m_ProbeAnchor: {fileID: 0}
  m_LightProbeVolumeOverride: {fileID: 0}
  m_ScaleInLightmap: 1
  m_ReceiveGI: 1
  m_PreserveUVs: 0
  m_IgnoreNormalsForChartDetection: 0
  m_ImportantGI: 0
  m_StitchLightmapSeams: 1
  m_SelectedEditorRenderState: 3
  m_MinimumChartSize: 4
  m_AutoUVMaxDistance: 0.5
  m_AutoUVMaxAngle: 89
  m_LightmapParameters: {fileID: 0}
  m_SortingLayerID: 0
  m_SortingLayer: 0
  m_SortingOrder: 0
  m_AdditionalVertexStreams: {fileID: 0}
--- !u!1 &1604998773116312753
GameObject:
  m_ObjectHideFlags: 0
  m_CorrespondingSourceObject: {fileID: 0}
  m_PrefabInstance: {fileID: 0}
  m_PrefabAsset: {fileID: 0}
  serializedVersion: 6
  m_Component:
  - component: {fileID: 8593688535591889246}
  m_Layer: 0
  m_Name: IK.R_end
  m_TagString: Untagged
  m_Icon: {fileID: 0}
  m_NavMeshLayer: 0
  m_StaticEditorFlags: 0
  m_IsActive: 1
--- !u!4 &8593688535591889246
Transform:
  m_ObjectHideFlags: 0
  m_CorrespondingSourceObject: {fileID: 0}
  m_PrefabInstance: {fileID: 0}
  m_PrefabAsset: {fileID: 0}
  m_GameObject: {fileID: 1604998773116312753}
  m_LocalRotation: {x: 0, y: -0, z: -0, w: 1}
  m_LocalPosition: {x: -0, y: 0.0024978241, z: 0}
  m_LocalScale: {x: 1, y: 1, z: 1}
  m_Children: []
  m_Father: {fileID: 3915696669671303647}
  m_RootOrder: 0
  m_LocalEulerAnglesHint: {x: 0, y: 0, z: 0}
--- !u!1 &1629470261071988233
GameObject:
  m_ObjectHideFlags: 0
  m_CorrespondingSourceObject: {fileID: 0}
  m_PrefabInstance: {fileID: 0}
  m_PrefabAsset: {fileID: 0}
  serializedVersion: 6
  m_Component:
  - component: {fileID: 4911726963146927892}
  m_Layer: 0
  m_Name: finger.L_end
  m_TagString: Untagged
  m_Icon: {fileID: 0}
  m_NavMeshLayer: 0
  m_StaticEditorFlags: 0
  m_IsActive: 1
--- !u!4 &4911726963146927892
Transform:
  m_ObjectHideFlags: 0
  m_CorrespondingSourceObject: {fileID: 0}
  m_PrefabInstance: {fileID: 0}
  m_PrefabAsset: {fileID: 0}
  m_GameObject: {fileID: 1629470261071988233}
  m_LocalRotation: {x: 0, y: -0, z: -0, w: 1}
  m_LocalPosition: {x: -0, y: 0.0025641737, z: 0}
  m_LocalScale: {x: 1, y: 1, z: 1}
  m_Children: []
  m_Father: {fileID: 2724386506448027402}
  m_RootOrder: 0
  m_LocalEulerAnglesHint: {x: 0, y: 0, z: 0}
--- !u!1 &1706953483891572863
GameObject:
  m_ObjectHideFlags: 0
  m_CorrespondingSourceObject: {fileID: 0}
  m_PrefabInstance: {fileID: 0}
  m_PrefabAsset: {fileID: 0}
  serializedVersion: 6
  m_Component:
  - component: {fileID: 45396621875980209}
  - component: {fileID: 2935028910257986975}
  - component: {fileID: 3614092130551280228}
  m_Layer: 0
  m_Name: toc2
  m_TagString: Untagged
  m_Icon: {fileID: 0}
  m_NavMeshLayer: 0
  m_StaticEditorFlags: 0
  m_IsActive: 0
--- !u!4 &45396621875980209
Transform:
  m_ObjectHideFlags: 0
  m_CorrespondingSourceObject: {fileID: 0}
  m_PrefabInstance: {fileID: 0}
  m_PrefabAsset: {fileID: 0}
  m_GameObject: {fileID: 1706953483891572863}
  m_LocalRotation: {x: -0.2695153, y: 0.000000115483985, z: 0.000000031664964, w: 0.9629961}
  m_LocalPosition: {x: 0, y: 0.0011928817, z: -0.00013101695}
  m_LocalScale: {x: 0.038920276, y: 0.038920276, z: 0.038920272}
  m_Children: []
  m_Father: {fileID: 6731843694116162236}
  m_RootOrder: 7
  m_LocalEulerAnglesHint: {x: -29.178413, y: -14.182999, z: -1.426322}
--- !u!33 &2935028910257986975
MeshFilter:
  m_ObjectHideFlags: 0
  m_CorrespondingSourceObject: {fileID: 0}
  m_PrefabInstance: {fileID: 0}
  m_PrefabAsset: {fileID: 0}
  m_GameObject: {fileID: 1706953483891572863}
  m_Mesh: {fileID: -7569474954840572933, guid: b5effe6b68de88a4e9f35cefbc597762, type: 3}
--- !u!23 &3614092130551280228
MeshRenderer:
  m_ObjectHideFlags: 0
  m_CorrespondingSourceObject: {fileID: 0}
  m_PrefabInstance: {fileID: 0}
  m_PrefabAsset: {fileID: 0}
  m_GameObject: {fileID: 1706953483891572863}
  m_Enabled: 1
  m_CastShadows: 1
  m_ReceiveShadows: 1
  m_DynamicOccludee: 1
  m_MotionVectors: 1
  m_LightProbeUsage: 1
  m_ReflectionProbeUsage: 1
  m_RayTracingMode: 2
  m_RayTraceProcedural: 0
  m_RenderingLayerMask: 1
  m_RendererPriority: 0
  m_Materials:
  - {fileID: 2100000, guid: ff8bec41e6d840240baae8a9a2c07e5c, type: 2}
  m_StaticBatchInfo:
    firstSubMesh: 0
    subMeshCount: 0
  m_StaticBatchRoot: {fileID: 0}
  m_ProbeAnchor: {fileID: 0}
  m_LightProbeVolumeOverride: {fileID: 0}
  m_ScaleInLightmap: 1
  m_ReceiveGI: 1
  m_PreserveUVs: 0
  m_IgnoreNormalsForChartDetection: 0
  m_ImportantGI: 0
  m_StitchLightmapSeams: 1
  m_SelectedEditorRenderState: 3
  m_MinimumChartSize: 4
  m_AutoUVMaxDistance: 0.5
  m_AutoUVMaxAngle: 89
  m_LightmapParameters: {fileID: 0}
  m_SortingLayerID: 0
  m_SortingLayer: 0
  m_SortingOrder: 0
  m_AdditionalVertexStreams: {fileID: 0}
--- !u!1 &1967526312086805340
GameObject:
  m_ObjectHideFlags: 0
  m_CorrespondingSourceObject: {fileID: 0}
  m_PrefabInstance: {fileID: 0}
  m_PrefabAsset: {fileID: 0}
  serializedVersion: 6
  m_Component:
  - component: {fileID: 5908386878178437570}
  m_Layer: 0
  m_Name: arm.R
  m_TagString: Untagged
  m_Icon: {fileID: 0}
  m_NavMeshLayer: 0
  m_StaticEditorFlags: 0
  m_IsActive: 1
--- !u!4 &5908386878178437570
Transform:
  m_ObjectHideFlags: 0
  m_CorrespondingSourceObject: {fileID: 0}
  m_PrefabInstance: {fileID: 0}
  m_PrefabAsset: {fileID: 0}
  m_GameObject: {fileID: 1967526312086805340}
  m_LocalRotation: {x: 0.12228752, y: -0.047306433, z: -0.051082287, w: 0.9900498}
  m_LocalPosition: {x: -5.401671e-10, y: 0.004618691, z: -2.9802322e-10}
  m_LocalScale: {x: 1.0000001, y: 1.0000002, z: 1}
  m_Children:
  - {fileID: 7832250659241490725}
  m_Father: {fileID: 4760964032468620291}
  m_RootOrder: 0
  m_LocalEulerAnglesHint: {x: 34.19876, y: 4.8137093, z: 2.715427}
--- !u!1 &2010046187979727739
GameObject:
  m_ObjectHideFlags: 0
  m_CorrespondingSourceObject: {fileID: 0}
  m_PrefabInstance: {fileID: 0}
  m_PrefabAsset: {fileID: 0}
  serializedVersion: 6
  m_Component:
  - component: {fileID: 6831775295129848330}
  - component: {fileID: 4111832382026920206}
  - component: {fileID: 5553236728400614772}
  m_Layer: 0
  m_Name: mu6
  m_TagString: Untagged
  m_Icon: {fileID: 0}
  m_NavMeshLayer: 0
  m_StaticEditorFlags: 0
  m_IsActive: 0
--- !u!4 &6831775295129848330
Transform:
  m_ObjectHideFlags: 0
  m_CorrespondingSourceObject: {fileID: 0}
  m_PrefabInstance: {fileID: 0}
  m_PrefabAsset: {fileID: 0}
  m_GameObject: {fileID: 2010046187979727739}
  m_LocalRotation: {x: -0.00000009685753, y: 0.000000115483985, z: 0.0000000027939675, w: 1}
  m_LocalPosition: {x: 0, y: -0.0007053488, z: 0.00018535164}
  m_LocalScale: {x: 0.038920276, y: 0.038920272, z: 0.038920272}
  m_Children: []
  m_Father: {fileID: 6731843694116162236}
  m_RootOrder: 5
  m_LocalEulerAnglesHint: {x: 2.0724354, y: -14.918346, z: -1.2178185}
--- !u!33 &4111832382026920206
MeshFilter:
  m_ObjectHideFlags: 0
  m_CorrespondingSourceObject: {fileID: 0}
  m_PrefabInstance: {fileID: 0}
  m_PrefabAsset: {fileID: 0}
  m_GameObject: {fileID: 2010046187979727739}
  m_Mesh: {fileID: -8369660821942983489, guid: b5effe6b68de88a4e9f35cefbc597762, type: 3}
--- !u!23 &5553236728400614772
MeshRenderer:
  m_ObjectHideFlags: 0
  m_CorrespondingSourceObject: {fileID: 0}
  m_PrefabInstance: {fileID: 0}
  m_PrefabAsset: {fileID: 0}
  m_GameObject: {fileID: 2010046187979727739}
  m_Enabled: 1
  m_CastShadows: 1
  m_ReceiveShadows: 1
  m_DynamicOccludee: 1
  m_MotionVectors: 1
  m_LightProbeUsage: 1
  m_ReflectionProbeUsage: 1
  m_RayTracingMode: 2
  m_RayTraceProcedural: 0
  m_RenderingLayerMask: 1
  m_RendererPriority: 0
  m_Materials:
  - {fileID: 2100000, guid: ff8bec41e6d840240baae8a9a2c07e5c, type: 2}
  m_StaticBatchInfo:
    firstSubMesh: 0
    subMeshCount: 0
  m_StaticBatchRoot: {fileID: 0}
  m_ProbeAnchor: {fileID: 0}
  m_LightProbeVolumeOverride: {fileID: 0}
  m_ScaleInLightmap: 1
  m_ReceiveGI: 1
  m_PreserveUVs: 0
  m_IgnoreNormalsForChartDetection: 0
  m_ImportantGI: 0
  m_StitchLightmapSeams: 1
  m_SelectedEditorRenderState: 3
  m_MinimumChartSize: 4
  m_AutoUVMaxDistance: 0.5
  m_AutoUVMaxAngle: 89
  m_LightmapParameters: {fileID: 0}
  m_SortingLayerID: 0
  m_SortingLayer: 0
  m_SortingOrder: 0
  m_AdditionalVertexStreams: {fileID: 0}
--- !u!1 &2076653330202394766
GameObject:
  m_ObjectHideFlags: 0
  m_CorrespondingSourceObject: {fileID: 0}
  m_PrefabInstance: {fileID: 0}
  m_PrefabAsset: {fileID: 0}
  serializedVersion: 6
  m_Component:
  - component: {fileID: 7934218807163640021}
  m_Layer: 0
  m_Name: hand.L
  m_TagString: Untagged
  m_Icon: {fileID: 0}
  m_NavMeshLayer: 0
  m_StaticEditorFlags: 0
  m_IsActive: 1
--- !u!4 &7934218807163640021
Transform:
  m_ObjectHideFlags: 0
  m_CorrespondingSourceObject: {fileID: 0}
  m_PrefabInstance: {fileID: 0}
  m_PrefabAsset: {fileID: 0}
  m_GameObject: {fileID: 2076653330202394766}
  m_LocalRotation: {x: -0.0038507998, y: 0.00048517756, z: 0.083273776, w: 0.99651915}
  m_LocalPosition: {x: -0.0000000021001323, y: 0.0023670546, z: 3.1664968e-10}
  m_LocalScale: {x: 0.99999994, y: 0.9999998, z: 0.99999994}
  m_Children:
  - {fileID: 2724386506448027402}
  - {fileID: 1623364173856212100}
  m_Father: {fileID: 7328725195469475260}
  m_RootOrder: 0
  m_LocalEulerAnglesHint: {x: 8.497747, y: -15.269652, z: -8.92047}
--- !u!1 &2082351545228498405
GameObject:
  m_ObjectHideFlags: 0
  m_CorrespondingSourceObject: {fileID: 0}
  m_PrefabInstance: {fileID: 0}
  m_PrefabAsset: {fileID: 0}
  serializedVersion: 6
  m_Component:
  - component: {fileID: 7328725195469475260}
  m_Layer: 0
  m_Name: arm.L
  m_TagString: Untagged
  m_Icon: {fileID: 0}
  m_NavMeshLayer: 0
  m_StaticEditorFlags: 0
  m_IsActive: 1
--- !u!4 &7328725195469475260
Transform:
  m_ObjectHideFlags: 0
  m_CorrespondingSourceObject: {fileID: 0}
  m_PrefabInstance: {fileID: 0}
  m_PrefabAsset: {fileID: 0}
  m_GameObject: {fileID: 2082351545228498405}
  m_LocalRotation: {x: 0.122287534, y: 0.04730643, z: 0.051082283, w: 0.9900497}
  m_LocalPosition: {x: -3.0733643e-10, y: 0.0046186936, z: -4.8894434e-11}
  m_LocalScale: {x: 1, y: 1.0000001, z: 0.9999998}
  m_Children:
  - {fileID: 7934218807163640021}
  m_Father: {fileID: 1508832076793727460}
  m_RootOrder: 0
  m_LocalEulerAnglesHint: {x: 21.65617, y: 5.6967273, z: 12.855384}
--- !u!1 &2423517905632168090
GameObject:
  m_ObjectHideFlags: 0
  m_CorrespondingSourceObject: {fileID: 0}
  m_PrefabInstance: {fileID: 0}
  m_PrefabAsset: {fileID: 0}
  serializedVersion: 6
  m_Component:
  - component: {fileID: 5345512356822939846}
  m_Layer: 0
  m_Name: foot.R_end
  m_TagString: Untagged
  m_Icon: {fileID: 0}
  m_NavMeshLayer: 0
  m_StaticEditorFlags: 0
  m_IsActive: 1
--- !u!4 &5345512356822939846
Transform:
  m_ObjectHideFlags: 0
  m_CorrespondingSourceObject: {fileID: 0}
  m_PrefabInstance: {fileID: 0}
  m_PrefabAsset: {fileID: 0}
  m_GameObject: {fileID: 2423517905632168090}
  m_LocalRotation: {x: 0, y: -0, z: -0, w: 1}
  m_LocalPosition: {x: -0, y: 0.0024940195, z: 0}
  m_LocalScale: {x: 1, y: 1, z: 1}
  m_Children: []
  m_Father: {fileID: 5604940124090872383}
  m_RootOrder: 0
  m_LocalEulerAnglesHint: {x: 0, y: 0, z: 0}
--- !u!1 &2512816029318903505
GameObject:
  m_ObjectHideFlags: 0
  m_CorrespondingSourceObject: {fileID: 0}
  m_PrefabInstance: {fileID: 0}
  m_PrefabAsset: {fileID: 0}
  serializedVersion: 6
  m_Component:
  - component: {fileID: 2724386506448027402}
  m_Layer: 0
  m_Name: finger.L
  m_TagString: Untagged
  m_Icon: {fileID: 0}
  m_NavMeshLayer: 0
  m_StaticEditorFlags: 0
  m_IsActive: 1
--- !u!4 &2724386506448027402
Transform:
  m_ObjectHideFlags: 0
  m_CorrespondingSourceObject: {fileID: 0}
  m_PrefabInstance: {fileID: 0}
  m_PrefabAsset: {fileID: 0}
  m_GameObject: {fileID: 2512816029318903505}
  m_LocalRotation: {x: 0.00062991906, y: -0.000005967721, z: 0.049291994, w: 0.99878424}
  m_LocalPosition: {x: 0.000000001087028, y: 0.0015724251, z: -2.4534527e-10}
  m_LocalScale: {x: 1, y: 0.99999994, z: 1}
  m_Children:
  - {fileID: 4911726963146927892}
  m_Father: {fileID: 7934218807163640021}
  m_RootOrder: 0
  m_LocalEulerAnglesHint: {x: 5.559985, y: -0.21051496, z: 26.448503}
--- !u!1 &2561221397411836121
GameObject:
  m_ObjectHideFlags: 0
  m_CorrespondingSourceObject: {fileID: 0}
  m_PrefabInstance: {fileID: 0}
  m_PrefabAsset: {fileID: 0}
  serializedVersion: 6
  m_Component:
  - component: {fileID: 6900534404334347621}
  m_Layer: 0
  m_Name: finger3.L_end
  m_TagString: Untagged
  m_Icon: {fileID: 0}
  m_NavMeshLayer: 0
  m_StaticEditorFlags: 0
  m_IsActive: 1
--- !u!4 &6900534404334347621
Transform:
  m_ObjectHideFlags: 0
  m_CorrespondingSourceObject: {fileID: 0}
  m_PrefabInstance: {fileID: 0}
  m_PrefabAsset: {fileID: 0}
  m_GameObject: {fileID: 2561221397411836121}
  m_LocalRotation: {x: 0, y: -0, z: -0, w: 1}
  m_LocalPosition: {x: -0, y: 0.00053781806, z: 0}
  m_LocalScale: {x: 1, y: 1, z: 1}
  m_Children: []
  m_Father: {fileID: 5637306027551096635}
  m_RootOrder: 0
  m_LocalEulerAnglesHint: {x: 0, y: 0, z: 0}
--- !u!1 &2735803037709092022
GameObject:
  m_ObjectHideFlags: 0
  m_CorrespondingSourceObject: {fileID: 0}
  m_PrefabInstance: {fileID: 0}
  m_PrefabAsset: {fileID: 0}
  serializedVersion: 6
  m_Component:
  - component: {fileID: 9108838088897665093}
  - component: {fileID: 5710927988096272068}
  - component: {fileID: 5390898236939661901}
  m_Layer: 0
  m_Name: mu5
  m_TagString: Untagged
  m_Icon: {fileID: 0}
  m_NavMeshLayer: 0
  m_StaticEditorFlags: 0
  m_IsActive: 0
--- !u!4 &9108838088897665093
Transform:
  m_ObjectHideFlags: 0
  m_CorrespondingSourceObject: {fileID: 0}
  m_PrefabInstance: {fileID: 0}
  m_PrefabAsset: {fileID: 0}
  m_GameObject: {fileID: 2735803037709092022}
  m_LocalRotation: {x: -0.00000009685753, y: 0.000000115483985, z: 0.0000000027939675, w: 1}
  m_LocalPosition: {x: 0, y: -0.0012783059, z: 0.0013984083}
  m_LocalScale: {x: 0.038920276, y: 0.038920272, z: 0.038920272}
  m_Children: []
  m_Father: {fileID: 6731843694116162236}
  m_RootOrder: 4
  m_LocalEulerAnglesHint: {x: 2.0724354, y: -14.918346, z: -1.2178185}
--- !u!33 &5710927988096272068
MeshFilter:
  m_ObjectHideFlags: 0
  m_CorrespondingSourceObject: {fileID: 0}
  m_PrefabInstance: {fileID: 0}
  m_PrefabAsset: {fileID: 0}
  m_GameObject: {fileID: 2735803037709092022}
  m_Mesh: {fileID: -323801714805376770, guid: b5effe6b68de88a4e9f35cefbc597762, type: 3}
--- !u!23 &5390898236939661901
MeshRenderer:
  m_ObjectHideFlags: 0
  m_CorrespondingSourceObject: {fileID: 0}
  m_PrefabInstance: {fileID: 0}
  m_PrefabAsset: {fileID: 0}
  m_GameObject: {fileID: 2735803037709092022}
  m_Enabled: 1
  m_CastShadows: 1
  m_ReceiveShadows: 1
  m_DynamicOccludee: 1
  m_MotionVectors: 1
  m_LightProbeUsage: 1
  m_ReflectionProbeUsage: 1
  m_RayTracingMode: 2
  m_RayTraceProcedural: 0
  m_RenderingLayerMask: 1
  m_RendererPriority: 0
  m_Materials:
  - {fileID: 2100000, guid: ff8bec41e6d840240baae8a9a2c07e5c, type: 2}
  m_StaticBatchInfo:
    firstSubMesh: 0
    subMeshCount: 0
  m_StaticBatchRoot: {fileID: 0}
  m_ProbeAnchor: {fileID: 0}
  m_LightProbeVolumeOverride: {fileID: 0}
  m_ScaleInLightmap: 1
  m_ReceiveGI: 1
  m_PreserveUVs: 0
  m_IgnoreNormalsForChartDetection: 0
  m_ImportantGI: 0
  m_StitchLightmapSeams: 1
  m_SelectedEditorRenderState: 3
  m_MinimumChartSize: 4
  m_AutoUVMaxDistance: 0.5
  m_AutoUVMaxAngle: 89
  m_LightmapParameters: {fileID: 0}
  m_SortingLayerID: 0
  m_SortingLayer: 0
  m_SortingOrder: 0
  m_AdditionalVertexStreams: {fileID: 0}
--- !u!1 &2773816134234920683
GameObject:
  m_ObjectHideFlags: 0
  m_CorrespondingSourceObject: {fileID: 0}
  m_PrefabInstance: {fileID: 0}
  m_PrefabAsset: {fileID: 0}
  serializedVersion: 6
  m_Component:
  - component: {fileID: 630348980292134181}
  m_Layer: 0
  m_Name: IK.L_end
  m_TagString: Untagged
  m_Icon: {fileID: 0}
  m_NavMeshLayer: 0
  m_StaticEditorFlags: 0
  m_IsActive: 1
--- !u!4 &630348980292134181
Transform:
  m_ObjectHideFlags: 0
  m_CorrespondingSourceObject: {fileID: 0}
  m_PrefabInstance: {fileID: 0}
  m_PrefabAsset: {fileID: 0}
  m_GameObject: {fileID: 2773816134234920683}
  m_LocalRotation: {x: 0, y: -0, z: -0, w: 1}
  m_LocalPosition: {x: -0, y: 0.0024978241, z: 0}
  m_LocalScale: {x: 1, y: 1, z: 1}
  m_Children: []
  m_Father: {fileID: 6445549556446974438}
  m_RootOrder: 0
  m_LocalEulerAnglesHint: {x: 0, y: 0, z: 0}
--- !u!1 &2821526833649257121
GameObject:
  m_ObjectHideFlags: 0
  m_CorrespondingSourceObject: {fileID: 0}
  m_PrefabInstance: {fileID: 0}
  m_PrefabAsset: {fileID: 0}
  serializedVersion: 6
  m_Component:
  - component: {fileID: 6731843694116162236}
  m_Layer: 0
  m_Name: head_end
  m_TagString: Untagged
  m_Icon: {fileID: 0}
  m_NavMeshLayer: 0
  m_StaticEditorFlags: 0
  m_IsActive: 1
--- !u!4 &6731843694116162236
Transform:
  m_ObjectHideFlags: 0
  m_CorrespondingSourceObject: {fileID: 0}
  m_PrefabInstance: {fileID: 0}
  m_PrefabAsset: {fileID: 0}
  m_GameObject: {fileID: 2821526833649257121}
  m_LocalRotation: {x: 0, y: -0, z: -0, w: 1}
  m_LocalPosition: {x: -0, y: 0.0074142953, z: 0}
  m_LocalScale: {x: 1, y: 1, z: 1}
  m_Children:
  - {fileID: 4321496963529062249}
  - {fileID: 591033346323763253}
  - {fileID: 935099583125234125}
  - {fileID: 3254964819531814100}
  - {fileID: 9108838088897665093}
  - {fileID: 6831775295129848330}
  - {fileID: 1951079168524539013}
  - {fileID: 45396621875980209}
  - {fileID: 1215786163149984761}
  m_Father: {fileID: 7357568137356619814}
  m_RootOrder: 0
  m_LocalEulerAnglesHint: {x: 0, y: 0, z: 0}
--- !u!1 &4317166459029988446
GameObject:
  m_ObjectHideFlags: 0
  m_CorrespondingSourceObject: {fileID: 0}
  m_PrefabInstance: {fileID: 0}
  m_PrefabAsset: {fileID: 0}
  serializedVersion: 6
  m_Component:
  - component: {fileID: 7357568137356619814}
  m_Layer: 0
  m_Name: head
  m_TagString: Untagged
  m_Icon: {fileID: 0}
  m_NavMeshLayer: 0
  m_StaticEditorFlags: 0
  m_IsActive: 1
--- !u!4 &7357568137356619814
Transform:
  m_ObjectHideFlags: 0
  m_CorrespondingSourceObject: {fileID: 0}
  m_PrefabInstance: {fileID: 0}
  m_PrefabAsset: {fileID: 0}
  m_GameObject: {fileID: 4317166459029988446}
  m_LocalRotation: {x: -0.051662322, y: 0.042156704, z: 0.0040531266, w: 0.9977662}
  m_LocalPosition: {x: 2.7939677e-11, y: 0.0018678115, z: 2.4156179e-11}
  m_LocalScale: {x: 1, y: 1, z: 1}
  m_Children:
  - {fileID: 6731843694116162236}
  m_Father: {fileID: 5856939391739243554}
  m_RootOrder: 0
  m_LocalEulerAnglesHint: {x: -5.6493015, y: -6.609652, z: 1.1198337}
--- !u!1 &4431084987625186669
GameObject:
  m_ObjectHideFlags: 0
  m_CorrespondingSourceObject: {fileID: 0}
  m_PrefabInstance: {fileID: 0}
  m_PrefabAsset: {fileID: 0}
  serializedVersion: 6
  m_Component:
  - component: {fileID: 6445549556446974438}
  m_Layer: 0
  m_Name: IK.L
  m_TagString: Untagged
  m_Icon: {fileID: 0}
  m_NavMeshLayer: 0
  m_StaticEditorFlags: 0
  m_IsActive: 1
--- !u!4 &6445549556446974438
Transform:
  m_ObjectHideFlags: 0
  m_CorrespondingSourceObject: {fileID: 0}
  m_PrefabInstance: {fileID: 0}
  m_PrefabAsset: {fileID: 0}
  m_GameObject: {fileID: 4431084987625186669}
  m_LocalRotation: {x: -0.006931443, y: 0.70707285, z: -0.006931443, w: 0.70707285}
  m_LocalPosition: {x: -0.0034617826, y: 0.0007672986, z: 0.0016736531}
  m_LocalScale: {x: 0.9999999, y: 0.9999997, z: 0.99999994}
  m_Children:
  - {fileID: 630348980292134181}
  m_Father: {fileID: 1358961089772964877}
  m_RootOrder: 1
  m_LocalEulerAnglesHint: {x: 0, y: 90, z: -1.1233063}
--- !u!1 &4749772406665282219
GameObject:
  m_ObjectHideFlags: 0
  m_CorrespondingSourceObject: {fileID: 0}
  m_PrefabInstance: {fileID: 0}
  m_PrefabAsset: {fileID: 0}
  serializedVersion: 6
  m_Component:
  - component: {fileID: 3915696669671303647}
  m_Layer: 0
  m_Name: IK.R
  m_TagString: Untagged
  m_Icon: {fileID: 0}
  m_NavMeshLayer: 0
  m_StaticEditorFlags: 0
  m_IsActive: 1
--- !u!4 &3915696669671303647
Transform:
  m_ObjectHideFlags: 0
  m_CorrespondingSourceObject: {fileID: 0}
  m_PrefabInstance: {fileID: 0}
  m_PrefabAsset: {fileID: 0}
  m_GameObject: {fileID: 4749772406665282219}
  m_LocalRotation: {x: -0.006931443, y: -0.70707285, z: 0.006931443, w: 0.70707285}
  m_LocalPosition: {x: 0.0033006982, y: -0.0025231123, z: 0.0017002875}
  m_LocalScale: {x: 0.9999999, y: 0.9999997, z: 0.99999994}
  m_Children:
  - {fileID: 8593688535591889246}
  m_Father: {fileID: 1358961089772964877}
  m_RootOrder: 2
  m_LocalEulerAnglesHint: {x: 0, y: -90, z: 1.1233063}
--- !u!1 &4994872001161471820
GameObject:
  m_ObjectHideFlags: 0
  m_CorrespondingSourceObject: {fileID: 0}
  m_PrefabInstance: {fileID: 0}
  m_PrefabAsset: {fileID: 0}
  serializedVersion: 6
  m_Component:
  - component: {fileID: 1623364173856212100}
  m_Layer: 0
  m_Name: finger1.L
  m_TagString: Untagged
  m_Icon: {fileID: 0}
  m_NavMeshLayer: 0
  m_StaticEditorFlags: 0
  m_IsActive: 1
--- !u!4 &1623364173856212100
Transform:
  m_ObjectHideFlags: 0
  m_CorrespondingSourceObject: {fileID: 0}
  m_PrefabInstance: {fileID: 0}
  m_PrefabAsset: {fileID: 0}
  m_GameObject: {fileID: 4994872001161471820}
  m_LocalRotation: {x: 0.40494764, y: 0.019597491, z: 0.044000994, w: 0.91307026}
  m_LocalPosition: {x: 0.000044570006, y: 0.0009020974, z: 0.0013091068}
  m_LocalScale: {x: 0.99999994, y: 0.9999999, z: 0.99999994}
  m_Children:
  - {fileID: 170032699049258302}
  m_Father: {fileID: 7934218807163640021}
  m_RootOrder: 1
  m_LocalEulerAnglesHint: {x: 39.31476, y: 31.191559, z: 39.00905}
--- !u!1 &5056835363753223366
GameObject:
  m_ObjectHideFlags: 0
  m_CorrespondingSourceObject: {fileID: 0}
  m_PrefabInstance: {fileID: 0}
  m_PrefabAsset: {fileID: 0}
  serializedVersion: 6
  m_Component:
  - component: {fileID: 935099583125234125}
  - component: {fileID: 6002842711444881585}
  - component: {fileID: 4694082217716107319}
  m_Layer: 0
  m_Name: mu3
  m_TagString: Untagged
  m_Icon: {fileID: 0}
  m_NavMeshLayer: 0
  m_StaticEditorFlags: 0
  m_IsActive: 0
--- !u!4 &935099583125234125
Transform:
  m_ObjectHideFlags: 0
  m_CorrespondingSourceObject: {fileID: 0}
  m_PrefabInstance: {fileID: 0}
  m_PrefabAsset: {fileID: 0}
  m_GameObject: {fileID: 5056835363753223366}
  m_LocalRotation: {x: -0.10188416, y: 0.000000119209275, z: 0.000000016530974, w: 0.9947963}
  m_LocalPosition: {x: 0, y: -0.0015114159, z: -0.0001310177}
  m_LocalScale: {x: 0.038920276, y: 0.03892027, z: 0.038920272}
  m_Children: []
  m_Father: {fileID: 6731843694116162236}
  m_RootOrder: 2
  m_LocalEulerAnglesHint: {x: -9.615869, y: -14.667581, z: -1.2454932}
--- !u!33 &6002842711444881585
MeshFilter:
  m_ObjectHideFlags: 0
  m_CorrespondingSourceObject: {fileID: 0}
  m_PrefabInstance: {fileID: 0}
  m_PrefabAsset: {fileID: 0}
  m_GameObject: {fileID: 5056835363753223366}
  m_Mesh: {fileID: 7842638384149863697, guid: b5effe6b68de88a4e9f35cefbc597762, type: 3}
--- !u!23 &4694082217716107319
MeshRenderer:
  m_ObjectHideFlags: 0
  m_CorrespondingSourceObject: {fileID: 0}
  m_PrefabInstance: {fileID: 0}
  m_PrefabAsset: {fileID: 0}
  m_GameObject: {fileID: 5056835363753223366}
  m_Enabled: 1
  m_CastShadows: 1
  m_ReceiveShadows: 1
  m_DynamicOccludee: 1
  m_MotionVectors: 1
  m_LightProbeUsage: 1
  m_ReflectionProbeUsage: 1
  m_RayTracingMode: 2
  m_RayTraceProcedural: 0
  m_RenderingLayerMask: 1
  m_RendererPriority: 0
  m_Materials:
  - {fileID: 2100000, guid: ff8bec41e6d840240baae8a9a2c07e5c, type: 2}
  m_StaticBatchInfo:
    firstSubMesh: 0
    subMeshCount: 0
  m_StaticBatchRoot: {fileID: 0}
  m_ProbeAnchor: {fileID: 0}
  m_LightProbeVolumeOverride: {fileID: 0}
  m_ScaleInLightmap: 1
  m_ReceiveGI: 1
  m_PreserveUVs: 0
  m_IgnoreNormalsForChartDetection: 0
  m_ImportantGI: 0
  m_StitchLightmapSeams: 1
  m_SelectedEditorRenderState: 3
  m_MinimumChartSize: 4
  m_AutoUVMaxDistance: 0.5
  m_AutoUVMaxAngle: 89
  m_LightmapParameters: {fileID: 0}
  m_SortingLayerID: 0
  m_SortingLayer: 0
  m_SortingOrder: 0
  m_AdditionalVertexStreams: {fileID: 0}
--- !u!1 &5121141860502109930
GameObject:
  m_ObjectHideFlags: 0
  m_CorrespondingSourceObject: {fileID: 0}
  m_PrefabInstance: {fileID: 0}
  m_PrefabAsset: {fileID: 0}
  serializedVersion: 6
  m_Component:
  - component: {fileID: 1508832076793727460}
  m_Layer: 0
  m_Name: upper_arm.L
  m_TagString: Untagged
  m_Icon: {fileID: 0}
  m_NavMeshLayer: 0
  m_StaticEditorFlags: 0
  m_IsActive: 1
--- !u!4 &1508832076793727460
Transform:
  m_ObjectHideFlags: 0
  m_CorrespondingSourceObject: {fileID: 0}
  m_PrefabInstance: {fileID: 0}
  m_PrefabAsset: {fileID: 0}
  m_GameObject: {fileID: 5121141860502109930}
  m_LocalRotation: {x: -0.015565694, y: 0.13091038, z: 0.45926696, w: 0.8784612}
  m_LocalPosition: {x: -0.00044649898, y: 0.003575596, z: 0.000060976632}
  m_LocalScale: {x: 1.0000001, y: 1.0000001, z: 0.99999994}
  m_Children:
  - {fileID: 7328725195469475260}
  m_Father: {fileID: 8698312027161133047}
  m_RootOrder: 0
  m_LocalEulerAnglesHint: {x: -14.0478525, y: 30.024652, z: 40.007812}
--- !u!1 &5178982416781642455
GameObject:
  m_ObjectHideFlags: 0
  m_CorrespondingSourceObject: {fileID: 0}
  m_PrefabInstance: {fileID: 0}
  m_PrefabAsset: {fileID: 0}
  serializedVersion: 6
  m_Component:
  - component: {fileID: 1458191046563107818}
  m_Layer: 0
  m_Name: upper_leg.L
  m_TagString: Untagged
  m_Icon: {fileID: 0}
  m_NavMeshLayer: 0
  m_StaticEditorFlags: 0
  m_IsActive: 1
--- !u!4 &1458191046563107818
Transform:
  m_ObjectHideFlags: 0
  m_CorrespondingSourceObject: {fileID: 0}
  m_PrefabInstance: {fileID: 0}
  m_PrefabAsset: {fileID: 0}
  m_GameObject: {fileID: 5178982416781642455}
  m_LocalRotation: {x: 0.69966847, y: 0.055877246, z: 0.6981782, w: 0.14102851}
  m_LocalPosition: {x: -0.002886481, y: 0.0000026700934, z: -0.00000020284185}
  m_LocalScale: {x: 1.0000004, y: 1.0000004, z: 1.0000248}
  m_Children:
  - {fileID: 1208042205256438488}
  m_Father: {fileID: 6764784586591382186}
  m_RootOrder: 1
  m_LocalEulerAnglesHint: {x: 7.0309944, y: 89.16844, z: 162.8087}
--- !u!1 &5239027222745545696
GameObject:
  m_ObjectHideFlags: 0
  m_CorrespondingSourceObject: {fileID: 0}
  m_PrefabInstance: {fileID: 0}
  m_PrefabAsset: {fileID: 0}
  serializedVersion: 6
  m_Component:
  - component: {fileID: 975741239980882702}
  m_Layer: 0
  m_Name: finger2.R
  m_TagString: Untagged
  m_Icon: {fileID: 0}
  m_NavMeshLayer: 0
  m_StaticEditorFlags: 0
  m_IsActive: 1
--- !u!4 &975741239980882702
Transform:
  m_ObjectHideFlags: 0
  m_CorrespondingSourceObject: {fileID: 0}
  m_PrefabInstance: {fileID: 0}
  m_PrefabAsset: {fileID: 0}
  m_GameObject: {fileID: 5239027222745545696}
  m_LocalRotation: {x: -0.1282613, y: 0.158556, z: -0.032250423, w: 0.9784523}
  m_LocalPosition: {x: -0, y: 0.0010923152, z: -1.4901161e-10}
  m_LocalScale: {x: 0.99999994, y: 1.0000001, z: 1}
  m_Children:
  - {fileID: 4354655130866262641}
  m_Father: {fileID: 5617176900248112526}
  m_RootOrder: 0
  m_LocalEulerAnglesHint: {x: -13.93188, y: 19.159977, z: -6.1383605}
--- !u!1 &5317267112018357016
GameObject:
  m_ObjectHideFlags: 0
  m_CorrespondingSourceObject: {fileID: 0}
  m_PrefabInstance: {fileID: 0}
  m_PrefabAsset: {fileID: 0}
  serializedVersion: 6
  m_Component:
  - component: {fileID: 920447031481971408}
  m_Layer: 0
  m_Name: foot.L_end
  m_TagString: Untagged
  m_Icon: {fileID: 0}
  m_NavMeshLayer: 0
  m_StaticEditorFlags: 0
  m_IsActive: 1
--- !u!4 &920447031481971408
Transform:
  m_ObjectHideFlags: 0
  m_CorrespondingSourceObject: {fileID: 0}
  m_PrefabInstance: {fileID: 0}
  m_PrefabAsset: {fileID: 0}
  m_GameObject: {fileID: 5317267112018357016}
  m_LocalRotation: {x: 0, y: -0, z: -0, w: 1}
  m_LocalPosition: {x: -0, y: 0.0024940195, z: 0}
  m_LocalScale: {x: 1, y: 1, z: 1}
  m_Children: []
  m_Father: {fileID: 5037950601984044178}
  m_RootOrder: 0
  m_LocalEulerAnglesHint: {x: 0, y: 0, z: 0}
--- !u!1 &5633248782113337660
GameObject:
  m_ObjectHideFlags: 0
  m_CorrespondingSourceObject: {fileID: 0}
  m_PrefabInstance: {fileID: 0}
  m_PrefabAsset: {fileID: 0}
  serializedVersion: 6
  m_Component:
  - component: {fileID: 4689583348612709634}
  m_Layer: 0
  m_Name: finger.R_end
  m_TagString: Untagged
  m_Icon: {fileID: 0}
  m_NavMeshLayer: 0
  m_StaticEditorFlags: 0
  m_IsActive: 1
--- !u!4 &4689583348612709634
Transform:
  m_ObjectHideFlags: 0
  m_CorrespondingSourceObject: {fileID: 0}
  m_PrefabInstance: {fileID: 0}
  m_PrefabAsset: {fileID: 0}
  m_GameObject: {fileID: 5633248782113337660}
  m_LocalRotation: {x: 0, y: -0, z: -0, w: 1}
  m_LocalPosition: {x: -0, y: 0.0025641737, z: 0}
  m_LocalScale: {x: 1, y: 1, z: 1}
  m_Children: []
  m_Father: {fileID: 7708288770518142863}
  m_RootOrder: 0
  m_LocalEulerAnglesHint: {x: 0, y: 0, z: 0}
--- !u!1 &6044890995437091162
GameObject:
  m_ObjectHideFlags: 0
  m_CorrespondingSourceObject: {fileID: 0}
  m_PrefabInstance: {fileID: 0}
  m_PrefabAsset: {fileID: 0}
  serializedVersion: 6
  m_Component:
  - component: {fileID: 5037950601984044178}
  m_Layer: 0
  m_Name: foot.L
  m_TagString: Untagged
  m_Icon: {fileID: 0}
  m_NavMeshLayer: 0
  m_StaticEditorFlags: 0
  m_IsActive: 1
--- !u!4 &5037950601984044178
Transform:
  m_ObjectHideFlags: 0
  m_CorrespondingSourceObject: {fileID: 0}
  m_PrefabInstance: {fileID: 0}
  m_PrefabAsset: {fileID: 0}
  m_GameObject: {fileID: 6044890995437091162}
  m_LocalRotation: {x: -0.00039744913, y: -0.000164477, z: -0.66821855, w: 0.7439649}
  m_LocalPosition: {x: 0.000010837865, y: 0.004267039, z: -0.00057268725}
  m_LocalScale: {x: 0.99999994, y: 0.99999994, z: 1}
  m_Children:
  - {fileID: 920447031481971408}
  m_Father: {fileID: 1208042205256438488}
  m_RootOrder: 0
  m_LocalEulerAnglesHint: {x: -1.282528, y: -2.3896952, z: -82.9155}
--- !u!1 &6053158395370794440
GameObject:
  m_ObjectHideFlags: 0
  m_CorrespondingSourceObject: {fileID: 0}
  m_PrefabInstance: {fileID: 0}
  m_PrefabAsset: {fileID: 0}
  serializedVersion: 6
  m_Component:
  - component: {fileID: 7708288770518142863}
  m_Layer: 0
  m_Name: finger.R
  m_TagString: Untagged
  m_Icon: {fileID: 0}
  m_NavMeshLayer: 0
  m_StaticEditorFlags: 0
  m_IsActive: 1
--- !u!4 &7708288770518142863
Transform:
  m_ObjectHideFlags: 0
  m_CorrespondingSourceObject: {fileID: 0}
  m_PrefabInstance: {fileID: 0}
  m_PrefabAsset: {fileID: 0}
  m_GameObject: {fileID: 6053158395370794440}
  m_LocalRotation: {x: 0.0006299275, y: 0.000005962126, z: -0.049292, w: 0.99878424}
  m_LocalPosition: {x: -2.6077032e-10, y: 0.0015724251, z: -0.0000000011920929}
  m_LocalScale: {x: 1, y: 0.9999999, z: 0.99999994}
  m_Children:
  - {fileID: 4689583348612709634}
  m_Father: {fileID: 7832250659241490725}
  m_RootOrder: 0
  m_LocalEulerAnglesHint: {x: 5.472549, y: 2.0581079, z: -20.783937}
--- !u!1 &6171270604262366529
GameObject:
  m_ObjectHideFlags: 0
  m_CorrespondingSourceObject: {fileID: 0}
  m_PrefabInstance: {fileID: 0}
  m_PrefabAsset: {fileID: 0}
  serializedVersion: 6
  m_Component:
  - component: {fileID: 1215786163149984761}
  - component: {fileID: 6581134307505212022}
  - component: {fileID: 1160011539138529355}
  m_Layer: 0
  m_Name: toc3
  m_TagString: Untagged
  m_Icon: {fileID: 0}
  m_NavMeshLayer: 0
  m_StaticEditorFlags: 0
  m_IsActive: 0
--- !u!4 &1215786163149984761
Transform:
  m_ObjectHideFlags: 0
  m_CorrespondingSourceObject: {fileID: 0}
  m_PrefabInstance: {fileID: 0}
  m_PrefabAsset: {fileID: 0}
  m_GameObject: {fileID: 6171270604262366529}
  m_LocalRotation: {x: 0.07548763, y: -0.14574489, z: -0.4536776, w: 0.87592053}
  m_LocalPosition: {x: 0, y: -0.0042172754, z: -0.0014511675}
  m_LocalScale: {x: 0.038920272, y: 0.038920276, z: 0.038920276}
  m_Children: []
  m_Father: {fileID: 6731843694116162236}
  m_RootOrder: 8
  m_LocalEulerAnglesHint: {x: 1.5656939, y: -33.814484, z: -56.591995}
--- !u!33 &6581134307505212022
MeshFilter:
  m_ObjectHideFlags: 0
  m_CorrespondingSourceObject: {fileID: 0}
  m_PrefabInstance: {fileID: 0}
  m_PrefabAsset: {fileID: 0}
  m_GameObject: {fileID: 6171270604262366529}
  m_Mesh: {fileID: -1865617120494271439, guid: b5effe6b68de88a4e9f35cefbc597762, type: 3}
--- !u!23 &1160011539138529355
MeshRenderer:
  m_ObjectHideFlags: 0
  m_CorrespondingSourceObject: {fileID: 0}
  m_PrefabInstance: {fileID: 0}
  m_PrefabAsset: {fileID: 0}
  m_GameObject: {fileID: 6171270604262366529}
  m_Enabled: 1
  m_CastShadows: 1
  m_ReceiveShadows: 1
  m_DynamicOccludee: 1
  m_MotionVectors: 1
  m_LightProbeUsage: 1
  m_ReflectionProbeUsage: 1
  m_RayTracingMode: 2
  m_RayTraceProcedural: 0
  m_RenderingLayerMask: 1
  m_RendererPriority: 0
  m_Materials:
  - {fileID: 2100000, guid: ff8bec41e6d840240baae8a9a2c07e5c, type: 2}
  m_StaticBatchInfo:
    firstSubMesh: 0
    subMeshCount: 0
  m_StaticBatchRoot: {fileID: 0}
  m_ProbeAnchor: {fileID: 0}
  m_LightProbeVolumeOverride: {fileID: 0}
  m_ScaleInLightmap: 1
  m_ReceiveGI: 1
  m_PreserveUVs: 0
  m_IgnoreNormalsForChartDetection: 0
  m_ImportantGI: 0
  m_StitchLightmapSeams: 1
  m_SelectedEditorRenderState: 3
  m_MinimumChartSize: 4
  m_AutoUVMaxDistance: 0.5
  m_AutoUVMaxAngle: 89
  m_LightmapParameters: {fileID: 0}
  m_SortingLayerID: 0
  m_SortingLayer: 0
  m_SortingOrder: 0
  m_AdditionalVertexStreams: {fileID: 0}
--- !u!1 &6196130078520327062
GameObject:
  m_ObjectHideFlags: 0
  m_CorrespondingSourceObject: {fileID: 0}
  m_PrefabInstance: {fileID: 0}
  m_PrefabAsset: {fileID: 0}
  serializedVersion: 6
  m_Component:
  - component: {fileID: 4760964032468620291}
  m_Layer: 0
  m_Name: upper_arm.R
  m_TagString: Untagged
  m_Icon: {fileID: 0}
  m_NavMeshLayer: 0
  m_StaticEditorFlags: 0
  m_IsActive: 1
--- !u!4 &4760964032468620291
Transform:
  m_ObjectHideFlags: 0
  m_CorrespondingSourceObject: {fileID: 0}
  m_PrefabInstance: {fileID: 0}
  m_PrefabAsset: {fileID: 0}
  m_GameObject: {fileID: 6196130078520327062}
  m_LocalRotation: {x: 0.1215093, y: -0.15779437, z: -0.44143146, w: 0.8749141}
  m_LocalPosition: {x: 0.00044650384, y: 0.0035755958, z: 0.000060977713}
  m_LocalScale: {x: 1.0000002, y: 1.0000001, z: 1}
  m_Children:
  - {fileID: 5908386878178437570}
  m_Father: {fileID: 9049370096520607438}
  m_RootOrder: 0
  m_LocalEulerAnglesHint: {x: 35.52957, y: -21.216187, z: 4.7123866}
--- !u!1 &6448104671842665230
GameObject:
  m_ObjectHideFlags: 0
  m_CorrespondingSourceObject: {fileID: 0}
  m_PrefabInstance: {fileID: 0}
  m_PrefabAsset: {fileID: 0}
  serializedVersion: 6
  m_Component:
  - component: {fileID: 5856939391739243554}
  m_Layer: 0
  m_Name: body3
  m_TagString: Untagged
  m_Icon: {fileID: 0}
  m_NavMeshLayer: 0
  m_StaticEditorFlags: 0
  m_IsActive: 1
--- !u!4 &5856939391739243554
Transform:
  m_ObjectHideFlags: 0
  m_CorrespondingSourceObject: {fileID: 0}
  m_PrefabInstance: {fileID: 0}
  m_PrefabAsset: {fileID: 0}
  m_GameObject: {fileID: 6448104671842665230}
  m_LocalRotation: {x: 0.028740745, y: -0.0000000027951224, z: -0.0000000060269825, w: 0.99958694}
  m_LocalPosition: {x: 2.0954757e-11, y: 0.0047234087, z: -8.5565256e-11}
  m_LocalScale: {x: 1, y: 1, z: 1}
  m_Children:
  - {fileID: 7357568137356619814}
  m_Father: {fileID: 1852834485360175041}
  m_RootOrder: 0
  m_LocalEulerAnglesHint: {x: 3.2939003, y: -0.00000034880833, z: -0.0000007176546}
--- !u!1 &6730195213853287238
GameObject:
  m_ObjectHideFlags: 0
  m_CorrespondingSourceObject: {fileID: 0}
  m_PrefabInstance: {fileID: 0}
  m_PrefabAsset: {fileID: 0}
  serializedVersion: 6
  m_Component:
  - component: {fileID: 392814658807368043}
  m_Layer: 0
  m_Name: upper_leg.R
  m_TagString: Untagged
  m_Icon: {fileID: 0}
  m_NavMeshLayer: 0
  m_StaticEditorFlags: 0
  m_IsActive: 1
--- !u!4 &392814658807368043
Transform:
  m_ObjectHideFlags: 0
  m_CorrespondingSourceObject: {fileID: 0}
  m_PrefabInstance: {fileID: 0}
  m_PrefabAsset: {fileID: 0}
  m_GameObject: {fileID: 6730195213853287238}
  m_LocalRotation: {x: 0.68904006, y: -0.15786086, z: -0.6721562, w: 0.22024934}
  m_LocalPosition: {x: 0.002886481, y: 0.0000026689038, z: -0.00000020410864}
  m_LocalScale: {x: 1.0000004, y: 1.0000004, z: 1.0000249}
  m_Children:
  - {fileID: 8545905380804100412}
  m_Father: {fileID: 6764784586591382186}
  m_RootOrder: 2
  m_LocalEulerAnglesHint: {x: 4.891732, y: -90.29503, z: -149.05704}
--- !u!1 &6779475595602585090
GameObject:
  m_ObjectHideFlags: 0
  m_CorrespondingSourceObject: {fileID: 0}
  m_PrefabInstance: {fileID: 0}
  m_PrefabAsset: {fileID: 0}
  serializedVersion: 6
  m_Component:
  - component: {fileID: 5637306027551096635}
  m_Layer: 0
  m_Name: finger3.L
  m_TagString: Untagged
  m_Icon: {fileID: 0}
  m_NavMeshLayer: 0
  m_StaticEditorFlags: 0
  m_IsActive: 1
--- !u!4 &5637306027551096635
Transform:
  m_ObjectHideFlags: 0
  m_CorrespondingSourceObject: {fileID: 0}
  m_PrefabInstance: {fileID: 0}
  m_PrefabAsset: {fileID: 0}
  m_GameObject: {fileID: 6779475595602585090}
  m_LocalRotation: {x: -0.08964877, y: 0.17623487, z: 0.034417626, w: 0.9796529}
  m_LocalPosition: {x: -0.0000000010989606, y: 0.0007826918, z: -8.9406965e-10}
  m_LocalScale: {x: 1, y: 0.99999994, z: 1}
  m_Children:
  - {fileID: 6900534404334347621}
  m_Father: {fileID: 170032699049258302}
  m_RootOrder: 0
  m_LocalEulerAnglesHint: {x: -10.823285, y: 20.198215, z: 2.0909126}
--- !u!1 &7255442677755412230
GameObject:
  m_ObjectHideFlags: 0
  m_CorrespondingSourceObject: {fileID: 0}
  m_PrefabInstance: {fileID: 0}
  m_PrefabAsset: {fileID: 0}
  serializedVersion: 6
  m_Component:
  - component: {fileID: 4354655130866262641}
  m_Layer: 0
  m_Name: finger3.R
  m_TagString: Untagged
  m_Icon: {fileID: 0}
  m_NavMeshLayer: 0
  m_StaticEditorFlags: 0
  m_IsActive: 1
--- !u!4 &4354655130866262641
Transform:
  m_ObjectHideFlags: 0
  m_CorrespondingSourceObject: {fileID: 0}
  m_PrefabInstance: {fileID: 0}
  m_PrefabAsset: {fileID: 0}
  m_GameObject: {fileID: 7255442677755412230}
  m_LocalRotation: {x: -0.08964882, y: -0.17623492, z: -0.034417637, w: 0.9796529}
  m_LocalPosition: {x: 8.9406965e-10, y: 0.00078269216, z: -0.000000001490116}
  m_LocalScale: {x: 1, y: 1, z: 1}
  m_Children:
  - {fileID: 3838043662410071859}
  m_Father: {fileID: 975741239980882702}
  m_RootOrder: 0
  m_LocalEulerAnglesHint: {x: -10.823292, y: -20.198221, z: -2.0909126}
--- !u!1 &7287099175242909225
GameObject:
  m_ObjectHideFlags: 0
  m_CorrespondingSourceObject: {fileID: 0}
  m_PrefabInstance: {fileID: 0}
  m_PrefabAsset: {fileID: 0}
  serializedVersion: 6
  m_Component:
  - component: {fileID: 7956500152780659859}
  - component: {fileID: 5404065183755011423}
  - component: {fileID: 1629157701581850297}
  - component: {fileID: 6871720245189196495}
  - component: {fileID: 2603344138392268643}
  m_Layer: 0
  m_Name: Boss1
  m_TagString: Untagged
  m_Icon: {fileID: 0}
  m_NavMeshLayer: 0
  m_StaticEditorFlags: 0
  m_IsActive: 1
--- !u!4 &7956500152780659859
Transform:
  m_ObjectHideFlags: 0
  m_CorrespondingSourceObject: {fileID: 0}
  m_PrefabInstance: {fileID: 0}
  m_PrefabAsset: {fileID: 0}
  m_GameObject: {fileID: 7287099175242909225}
  m_LocalRotation: {x: 0, y: 0, z: 0, w: 1}
  m_LocalPosition: {x: 0, y: 0, z: 0}
  m_LocalScale: {x: 1, y: 1, z: 1}
  m_Children:
  - {fileID: 1358961089772964877}
  - {fileID: 7267171429767335217}
  m_Father: {fileID: 0}
  m_RootOrder: 0
  m_LocalEulerAnglesHint: {x: 0, y: 0, z: 0}
--- !u!95 &5404065183755011423
Animator:
  serializedVersion: 3
  m_ObjectHideFlags: 0
  m_CorrespondingSourceObject: {fileID: 0}
  m_PrefabInstance: {fileID: 0}
  m_PrefabAsset: {fileID: 0}
  m_GameObject: {fileID: 7287099175242909225}
  m_Enabled: 1
  m_Avatar: {fileID: 0}
  m_Controller: {fileID: 9100000, guid: ecbc7c5caac3f234eb5e5d8279bb35cb, type: 2}
  m_CullingMode: 0
  m_UpdateMode: 0
  m_ApplyRootMotion: 0
  m_LinearVelocityBlending: 0
  m_WarningMessage: 
  m_HasTransformHierarchy: 1
  m_AllowConstantClipSamplingOptimization: 1
  m_KeepAnimatorControllerStateOnDisable: 0
--- !u!136 &1629157701581850297
CapsuleCollider:
  m_ObjectHideFlags: 0
  m_CorrespondingSourceObject: {fileID: 0}
  m_PrefabInstance: {fileID: 0}
  m_PrefabAsset: {fileID: 0}
  m_GameObject: {fileID: 7287099175242909225}
  m_Material: {fileID: 0}
  m_IsTrigger: 0
  m_Enabled: 1
  m_Radius: 0.15
  m_Height: 0.8
  m_Direction: 1
  m_Center: {x: 0, y: 0.4, z: 0.05}
--- !u!54 &6871720245189196495
Rigidbody:
  m_ObjectHideFlags: 0
  m_CorrespondingSourceObject: {fileID: 0}
  m_PrefabInstance: {fileID: 0}
  m_PrefabAsset: {fileID: 0}
  m_GameObject: {fileID: 7287099175242909225}
  serializedVersion: 2
  m_Mass: 10
  m_Drag: 0
  m_AngularDrag: 0.05
  m_UseGravity: 1
  m_IsKinematic: 0
  m_Interpolate: 0
  m_Constraints: 112
  m_CollisionDetection: 0
--- !u!114 &2603344138392268643
MonoBehaviour:
  m_ObjectHideFlags: 0
  m_CorrespondingSourceObject: {fileID: 0}
  m_PrefabInstance: {fileID: 0}
  m_PrefabAsset: {fileID: 0}
  m_GameObject: {fileID: 7287099175242909225}
  m_Enabled: 1
  m_EditorHideFlags: 0
  m_Script: {fileID: 11500000, guid: de83737f0abd1d7459ad14de60d4777b, type: 3}
  m_Name: 
  m_EditorClassIdentifier: 
  bossRound: 0
  maxRound: 0
  throwPos: {fileID: 7708288770518142863}
  animator: {fileID: 5404065183755011423}
  clipAction: {fileID: 7400000, guid: bd1b9b528b49bd74a8715b4c5e13a51f, type: 2}
  clipIdle: {fileID: 7400000, guid: c10ce45b131b5df4bb83d9358f5edc08, type: 2}
  clipLose: {fileID: 7400000, guid: 805cb6274ef90e7409b50fe4495136ae, type: 2}
  clipThrow: {fileID: 7400000, guid: e0b30b70045b6524882f2a801156cf73, type: 2}
  hat:
  - {fileID: 1124905420392234915}
  - {fileID: 1578707137086268715}
  - {fileID: 5056835363753223366}
  - {fileID: 1136397177769982628}
  - {fileID: 2735803037709092022}
  - {fileID: 2010046187979727739}
  hair:
  - {fileID: 8143385887512756835}
  - {fileID: 1706953483891572863}
  - {fileID: 6171270604262366529}
--- !u!1 &7623245337311982178
GameObject:
  m_ObjectHideFlags: 0
  m_CorrespondingSourceObject: {fileID: 0}
  m_PrefabInstance: {fileID: 0}
  m_PrefabAsset: {fileID: 0}
  serializedVersion: 6
  m_Component:
  - component: {fileID: 9049370096520607438}
  m_Layer: 0
  m_Name: shoulder.R
  m_TagString: Untagged
  m_Icon: {fileID: 0}
  m_NavMeshLayer: 0
  m_StaticEditorFlags: 0
  m_IsActive: 1
--- !u!4 &9049370096520607438
Transform:
  m_ObjectHideFlags: 0
  m_CorrespondingSourceObject: {fileID: 0}
  m_PrefabInstance: {fileID: 0}
  m_PrefabAsset: {fileID: 0}
  m_GameObject: {fileID: 7623245337311982178}
  m_LocalRotation: {x: 0.010923174, y: 0.022977268, z: -0.7067334, w: 0.70702237}
  m_LocalPosition: {x: 0.0019427149, y: 0.0050772266, z: -0.000029081888}
  m_LocalScale: {x: 1, y: 0.99999994, z: 1}
  m_Children:
  - {fileID: 4760964032468620291}
  m_Father: {fileID: 1852834485360175041}
  m_RootOrder: 2
  m_LocalEulerAnglesHint: {x: 2.7468643, y: 0.97814137, z: -89.953125}
--- !u!1 &7861802746520659233
GameObject:
  m_ObjectHideFlags: 0
  m_CorrespondingSourceObject: {fileID: 0}
  m_PrefabInstance: {fileID: 0}
  m_PrefabAsset: {fileID: 0}
  serializedVersion: 6
  m_Component:
  - component: {fileID: 7832250659241490725}
  m_Layer: 0
  m_Name: hand.R
  m_TagString: Untagged
  m_Icon: {fileID: 0}
  m_NavMeshLayer: 0
  m_StaticEditorFlags: 0
  m_IsActive: 1
--- !u!4 &7832250659241490725
Transform:
  m_ObjectHideFlags: 0
  m_CorrespondingSourceObject: {fileID: 0}
  m_PrefabInstance: {fileID: 0}
  m_PrefabAsset: {fileID: 0}
  m_GameObject: {fileID: 7861802746520659233}
  m_LocalRotation: {x: -0.0038508058, y: -0.00048518056, z: -0.083273776, w: 0.99651915}
  m_LocalPosition: {x: 0.0000000022945459, y: 0.0023670557, z: -5.9604643e-10}
  m_LocalScale: {x: 1, y: 0.9999999, z: 1}
  m_Children:
  - {fileID: 7708288770518142863}
  - {fileID: 5617176900248112526}
  m_Father: {fileID: 5908386878178437570}
  m_RootOrder: 0
  m_LocalEulerAnglesHint: {x: -4.043257, y: -28.932573, z: 8.221627}
--- !u!1 &8143385887512756835
GameObject:
  m_ObjectHideFlags: 0
  m_CorrespondingSourceObject: {fileID: 0}
  m_PrefabInstance: {fileID: 0}
  m_PrefabAsset: {fileID: 0}
  serializedVersion: 6
  m_Component:
  - component: {fileID: 1951079168524539013}
  - component: {fileID: 1452226694882211954}
  - component: {fileID: 1906579199733681006}
  m_Layer: 0
  m_Name: toc1
  m_TagString: Untagged
  m_Icon: {fileID: 0}
  m_NavMeshLayer: 0
  m_StaticEditorFlags: 0
  m_IsActive: 0
--- !u!4 &1951079168524539013
Transform:
  m_ObjectHideFlags: 0
  m_CorrespondingSourceObject: {fileID: 0}
  m_PrefabInstance: {fileID: 0}
  m_PrefabAsset: {fileID: 0}
  m_GameObject: {fileID: 8143385887512756835}
  m_LocalRotation: {x: 0.467833, y: 0.23557886, z: -0.07204097, w: 0.8487903}
  m_LocalPosition: {x: 0.0031894008, y: -0.0009005675, z: 0.0035348088}
  m_LocalScale: {x: 0.038920276, y: 0.038920287, z: 0.038920272}
  m_Children: []
  m_Father: {fileID: 6731843694116162236}
  m_RootOrder: 6
  m_LocalEulerAnglesHint: {x: 58.211006, y: 21.86533, z: 10.564071}
--- !u!33 &1452226694882211954
MeshFilter:
  m_ObjectHideFlags: 0
  m_CorrespondingSourceObject: {fileID: 0}
  m_PrefabInstance: {fileID: 0}
  m_PrefabAsset: {fileID: 0}
  m_GameObject: {fileID: 8143385887512756835}
  m_Mesh: {fileID: 4370757313766823015, guid: b5effe6b68de88a4e9f35cefbc597762, type: 3}
--- !u!23 &1906579199733681006
MeshRenderer:
  m_ObjectHideFlags: 0
  m_CorrespondingSourceObject: {fileID: 0}
  m_PrefabInstance: {fileID: 0}
  m_PrefabAsset: {fileID: 0}
  m_GameObject: {fileID: 8143385887512756835}
  m_Enabled: 1
  m_CastShadows: 1
  m_ReceiveShadows: 1
  m_DynamicOccludee: 1
  m_MotionVectors: 1
  m_LightProbeUsage: 1
  m_ReflectionProbeUsage: 1
  m_RayTracingMode: 2
  m_RayTraceProcedural: 0
  m_RenderingLayerMask: 1
  m_RendererPriority: 0
  m_Materials:
  - {fileID: 2100000, guid: ff8bec41e6d840240baae8a9a2c07e5c, type: 2}
  m_StaticBatchInfo:
    firstSubMesh: 0
    subMeshCount: 0
  m_StaticBatchRoot: {fileID: 0}
  m_ProbeAnchor: {fileID: 0}
  m_LightProbeVolumeOverride: {fileID: 0}
  m_ScaleInLightmap: 1
  m_ReceiveGI: 1
  m_PreserveUVs: 0
  m_IgnoreNormalsForChartDetection: 0
  m_ImportantGI: 0
  m_StitchLightmapSeams: 1
  m_SelectedEditorRenderState: 3
  m_MinimumChartSize: 4
  m_AutoUVMaxDistance: 0.5
  m_AutoUVMaxAngle: 89
  m_LightmapParameters: {fileID: 0}
  m_SortingLayerID: 0
  m_SortingLayer: 0
  m_SortingOrder: 0
  m_AdditionalVertexStreams: {fileID: 0}
--- !u!1 &8794891196440634063
GameObject:
  m_ObjectHideFlags: 0
  m_CorrespondingSourceObject: {fileID: 0}
  m_PrefabInstance: {fileID: 0}
  m_PrefabAsset: {fileID: 0}
  serializedVersion: 6
  m_Component:
  - component: {fileID: 8698312027161133047}
  m_Layer: 0
  m_Name: shoulder.L
  m_TagString: Untagged
  m_Icon: {fileID: 0}
  m_NavMeshLayer: 0
  m_StaticEditorFlags: 0
  m_IsActive: 1
--- !u!4 &8698312027161133047
Transform:
  m_ObjectHideFlags: 0
  m_CorrespondingSourceObject: {fileID: 0}
  m_PrefabInstance: {fileID: 0}
  m_PrefabAsset: {fileID: 0}
  m_GameObject: {fileID: 8794891196440634063}
  m_LocalRotation: {x: 0.010923337, y: -0.022977097, z: 0.7067334, w: 0.70702237}
  m_LocalPosition: {x: -0.0019427146, y: 0.005077229, z: -0.000029081162}
  m_LocalScale: {x: 1, y: 0.99999994, z: 1.0000001}
  m_Children:
  - {fileID: 1508832076793727460}
  m_Father: {fileID: 1852834485360175041}
  m_RootOrder: 1
  m_LocalEulerAnglesHint: {x: 2.7468638, y: -0.97811395, z: 89.953125}
--- !u!1 &8800935377355431579
GameObject:
  m_ObjectHideFlags: 0
  m_CorrespondingSourceObject: {fileID: 0}
  m_PrefabInstance: {fileID: 0}
  m_PrefabAsset: {fileID: 0}
  serializedVersion: 6
  m_Component:
  - component: {fileID: 5604940124090872383}
  m_Layer: 0
  m_Name: foot.R
  m_TagString: Untagged
  m_Icon: {fileID: 0}
  m_NavMeshLayer: 0
  m_StaticEditorFlags: 0
  m_IsActive: 1
--- !u!4 &5604940124090872383
Transform:
  m_ObjectHideFlags: 0
  m_CorrespondingSourceObject: {fileID: 0}
  m_PrefabInstance: {fileID: 0}
  m_PrefabAsset: {fileID: 0}
  m_GameObject: {fileID: 8800935377355431579}
  m_LocalRotation: {x: -0.00000044910772, y: 0.0000006255845, z: 0.4728637, w: 0.8811356}
  m_LocalPosition: {x: 0.000011546225, y: 0.004272309, z: -0.00041328825}
  m_LocalScale: {x: 1, y: 0.99999994, z: 1}
  m_Children:
  - {fileID: 5345512356822939846}
  m_Father: {fileID: 8545905380804100412}
  m_RootOrder: 0
  m_LocalEulerAnglesHint: {x: 1.8151014, y: 4.388879, z: 57.40501}
--- !u!1 &9041742105779792703
GameObject:
  m_ObjectHideFlags: 0
  m_CorrespondingSourceObject: {fileID: 0}
  m_PrefabInstance: {fileID: 0}
  m_PrefabAsset: {fileID: 0}
  serializedVersion: 6
  m_Component:
  - component: {fileID: 170032699049258302}
  m_Layer: 0
  m_Name: finger2.L
  m_TagString: Untagged
  m_Icon: {fileID: 0}
  m_NavMeshLayer: 0
  m_StaticEditorFlags: 0
  m_IsActive: 1
--- !u!4 &170032699049258302
Transform:
  m_ObjectHideFlags: 0
  m_CorrespondingSourceObject: {fileID: 0}
  m_PrefabInstance: {fileID: 0}
  m_PrefabAsset: {fileID: 0}
  m_GameObject: {fileID: 9041742105779792703}
  m_LocalRotation: {x: -0.1282613, y: -0.15855597, z: 0.03225045, w: 0.9784523}
  m_LocalPosition: {x: 7.45058e-10, y: 0.0010923161, z: -0.0000000010430813}
  m_LocalScale: {x: 1, y: 1, z: 0.99999994}
  m_Children:
  - {fileID: 5637306027551096635}
  m_Father: {fileID: 1623364173856212100}
  m_RootOrder: 0
  m_LocalEulerAnglesHint: {x: -27.429409, y: -10.848555, z: 29.68515}
--- !u!1 &9101299038453670409
GameObject:
  m_ObjectHideFlags: 0
  m_CorrespondingSourceObject: {fileID: 0}
  m_PrefabInstance: {fileID: 0}
  m_PrefabAsset: {fileID: 0}
  serializedVersion: 6
  m_Component:
  - component: {fileID: 7267171429767335217}
  - component: {fileID: 3069010617422979775}
  m_Layer: 0
  m_Name: Boss1.001
  m_TagString: Untagged
  m_Icon: {fileID: 0}
  m_NavMeshLayer: 0
  m_StaticEditorFlags: 0
  m_IsActive: 1
--- !u!4 &7267171429767335217
Transform:
  m_ObjectHideFlags: 0
  m_CorrespondingSourceObject: {fileID: 0}
  m_PrefabInstance: {fileID: 0}
  m_PrefabAsset: {fileID: 0}
  m_GameObject: {fileID: 9101299038453670409}
  m_LocalRotation: {x: 0, y: -0, z: -0, w: 1}
  m_LocalPosition: {x: -0, y: 0, z: 0}
  m_LocalScale: {x: 1, y: 1, z: 1}
  m_Children: []
  m_Father: {fileID: 7956500152780659859}
  m_RootOrder: 1
  m_LocalEulerAnglesHint: {x: 0, y: 0, z: 0}
--- !u!137 &3069010617422979775
SkinnedMeshRenderer:
  m_ObjectHideFlags: 0
  m_CorrespondingSourceObject: {fileID: 0}
  m_PrefabInstance: {fileID: 0}
  m_PrefabAsset: {fileID: 0}
  m_GameObject: {fileID: 9101299038453670409}
  m_Enabled: 1
  m_CastShadows: 1
  m_ReceiveShadows: 1
  m_DynamicOccludee: 1
  m_MotionVectors: 1
  m_LightProbeUsage: 1
  m_ReflectionProbeUsage: 1
  m_RayTracingMode: 3
  m_RayTraceProcedural: 0
  m_RenderingLayerMask: 1
  m_RendererPriority: 0
  m_Materials:
  - {fileID: 2100000, guid: ff8bec41e6d840240baae8a9a2c07e5c, type: 2}
  m_StaticBatchInfo:
    firstSubMesh: 0
    subMeshCount: 0
  m_StaticBatchRoot: {fileID: 0}
  m_ProbeAnchor: {fileID: 0}
  m_LightProbeVolumeOverride: {fileID: 0}
  m_ScaleInLightmap: 1
  m_ReceiveGI: 1
  m_PreserveUVs: 0
  m_IgnoreNormalsForChartDetection: 0
  m_ImportantGI: 0
  m_StitchLightmapSeams: 1
  m_SelectedEditorRenderState: 3
  m_MinimumChartSize: 4
  m_AutoUVMaxDistance: 0.5
  m_AutoUVMaxAngle: 89
  m_LightmapParameters: {fileID: 0}
  m_SortingLayerID: 0
  m_SortingLayer: 0
  m_SortingOrder: 0
  serializedVersion: 2
  m_Quality: 0
  m_UpdateWhenOffscreen: 0
  m_SkinnedMotionVectors: 1
  m_Mesh: {fileID: 4741830638591434193, guid: b5effe6b68de88a4e9f35cefbc597762, type: 3}
  m_Bones:
  - {fileID: 6764784586591382186}
  - {fileID: 1458191046563107818}
  - {fileID: 1208042205256438488}
  - {fileID: 5037950601984044178}
  - {fileID: 1852834485360175041}
  - {fileID: 5856939391739243554}
  - {fileID: 7357568137356619814}
  - {fileID: 8698312027161133047}
  - {fileID: 1508832076793727460}
  - {fileID: 7328725195469475260}
  - {fileID: 7934218807163640021}
  - {fileID: 2724386506448027402}
  - {fileID: 1623364173856212100}
  - {fileID: 170032699049258302}
  - {fileID: 5637306027551096635}
  - {fileID: 9049370096520607438}
  - {fileID: 4760964032468620291}
  - {fileID: 5908386878178437570}
  - {fileID: 7832250659241490725}
  - {fileID: 7708288770518142863}
  - {fileID: 5617176900248112526}
  - {fileID: 975741239980882702}
  - {fileID: 4354655130866262641}
  - {fileID: 392814658807368043}
  - {fileID: 8545905380804100412}
  - {fileID: 5604940124090872383}
  - {fileID: 3915696669671303647}
  - {fileID: 6445549556446974438}
  m_BlendShapeWeights: []
  m_RootBone: {fileID: 6764784586591382186}
  m_AABB:
    m_Center: {x: -0.0004148148, y: 0.004247291, z: 0.0012288722}
    m_Extent: {x: 0.012096759, y: 0.016736671, z: 0.006895646}
  m_DirtyAABB: 0
--- !u!1 &9106538314992129545
GameObject:
  m_ObjectHideFlags: 0
  m_CorrespondingSourceObject: {fileID: 0}
  m_PrefabInstance: {fileID: 0}
  m_PrefabAsset: {fileID: 0}
  serializedVersion: 6
  m_Component:
  - component: {fileID: 3838043662410071859}
  m_Layer: 0
  m_Name: finger3.R_end
  m_TagString: Untagged
  m_Icon: {fileID: 0}
  m_NavMeshLayer: 0
  m_StaticEditorFlags: 0
  m_IsActive: 1
--- !u!4 &3838043662410071859
Transform:
  m_ObjectHideFlags: 0
  m_CorrespondingSourceObject: {fileID: 0}
  m_PrefabInstance: {fileID: 0}
  m_PrefabAsset: {fileID: 0}
  m_GameObject: {fileID: 9106538314992129545}
  m_LocalRotation: {x: 0, y: -0, z: -0, w: 1}
  m_LocalPosition: {x: -0, y: 0.00053781806, z: 0}
  m_LocalScale: {x: 1, y: 1, z: 1}
  m_Children: []
  m_Father: {fileID: 4354655130866262641}
  m_RootOrder: 0
  m_LocalEulerAnglesHint: {x: 0, y: 0, z: 0}
