%YAML 1.1
%TAG !u! tag:unity3d.com,2011:
--- !u!1 &8054833793675476533
GameObject:
  m_ObjectHideFlags: 0
  m_CorrespondingSourceObject: {fileID: 0}
  m_PrefabInstance: {fileID: 0}
  m_PrefabAsset: {fileID: 0}
  serializedVersion: 6
  m_Component:
  - component: {fileID: 8041439838965729725}
  - component: {fileID: 7132828543449228037}
  - component: {fileID: 212009421585044319}
  - component: {fileID: 7461497170488227055}
  - component: {fileID: 7125029075833554994}
  - component: {fileID: 6173736760849395614}
  - component: {fileID: -9179865552843439216}
  - component: {fileID: 6317014162929099365}
  - component: {fileID: 1782388978919038401}
  - component: {fileID: 4031957980095249402}
  m_Layer: 0
  m_Name: M006
  m_TagString: Untagged
  m_Icon: {fileID: 0}
  m_NavMeshLayer: 0
  m_StaticEditorFlags: 0
  m_IsActive: 1
--- !u!4 &8041439838965729725
Transform:
  m_ObjectHideFlags: 0
  m_CorrespondingSourceObject: {fileID: 0}
  m_PrefabInstance: {fileID: 0}
  m_PrefabAsset: {fileID: 0}
  m_GameObject: {fileID: 8054833793675476533}
  m_LocalRotation: {x: 0, y: 0, z: 0, w: 1}
  m_LocalPosition: {x: 0, y: 0, z: 0}
  m_LocalScale: {x: 1, y: 1, z: 1}
  m_Children:
  - {fileID: 9095511031055819758}
  m_Father: {fileID: 0}
  m_RootOrder: 0
  m_LocalEulerAnglesHint: {x: 0, y: 0, z: 0}
--- !u!33 &7132828543449228037
MeshFilter:
  m_ObjectHideFlags: 0
  m_CorrespondingSourceObject: {fileID: 0}
  m_PrefabInstance: {fileID: 0}
  m_PrefabAsset: {fileID: 0}
  m_GameObject: {fileID: 8054833793675476533}
  m_Mesh: {fileID: -2228417370725966487, guid: 63ce1a4a39508d94c8bcfd26111686aa, type: 3}
--- !u!23 &212009421585044319
MeshRenderer:
  m_ObjectHideFlags: 0
  m_CorrespondingSourceObject: {fileID: 0}
  m_PrefabInstance: {fileID: 0}
  m_PrefabAsset: {fileID: 0}
  m_GameObject: {fileID: 8054833793675476533}
  m_Enabled: 1
  m_CastShadows: 1
  m_ReceiveShadows: 1
  m_DynamicOccludee: 1
  m_MotionVectors: 1
  m_LightProbeUsage: 1
  m_ReflectionProbeUsage: 1
  m_RayTracingMode: 2
  m_RayTraceProcedural: 0
  m_RenderingLayerMask: 1
  m_RendererPriority: 0
  m_Materials:
  - {fileID: 2100000, guid: 91c61a338a75ed14cac58961fb6831f0, type: 2}
  m_StaticBatchInfo:
    firstSubMesh: 0
    subMeshCount: 0
  m_StaticBatchRoot: {fileID: 0}
  m_ProbeAnchor: {fileID: 0}
  m_LightProbeVolumeOverride: {fileID: 0}
  m_ScaleInLightmap: 1
  m_ReceiveGI: 1
  m_PreserveUVs: 0
  m_IgnoreNormalsForChartDetection: 0
  m_ImportantGI: 0
  m_StitchLightmapSeams: 1
  m_SelectedEditorRenderState: 3
  m_MinimumChartSize: 4
  m_AutoUVMaxDistance: 0.5
  m_AutoUVMaxAngle: 89
  m_LightmapParameters: {fileID: 0}
  m_SortingLayerID: 0
  m_SortingLayer: 0
  m_SortingOrder: 0
  m_AdditionalVertexStreams: {fileID: 0}
--- !u!54 &7461497170488227055
Rigidbody:
  m_ObjectHideFlags: 0
  m_CorrespondingSourceObject: {fileID: 0}
  m_PrefabInstance: {fileID: 0}
  m_PrefabAsset: {fileID: 0}
  m_GameObject: {fileID: 8054833793675476533}
  serializedVersion: 2
  m_Mass: 1000
  m_Drag: 0
  m_AngularDrag: 0.05
  m_UseGravity: 1
  m_IsKinematic: 0
  m_Interpolate: 0
  m_Constraints: 112
  m_CollisionDetection: 2
--- !u!135 &7125029075833554994
SphereCollider:
  m_ObjectHideFlags: 0
  m_CorrespondingSourceObject: {fileID: 0}
  m_PrefabInstance: {fileID: 0}
  m_PrefabAsset: {fileID: 0}
  m_GameObject: {fileID: 8054833793675476533}
  m_Material: {fileID: 0}
  m_IsTrigger: 0
  m_Enabled: 1
  serializedVersion: 2
  m_Radius: 0.25
  m_Center: {x: 0, y: 0.25, z: 0}
--- !u!135 &6173736760849395614
SphereCollider:
  m_ObjectHideFlags: 0
  m_CorrespondingSourceObject: {fileID: 0}
  m_PrefabInstance: {fileID: 0}
  m_PrefabAsset: {fileID: 0}
  m_GameObject: {fileID: 8054833793675476533}
  m_Material: {fileID: 0}
  m_IsTrigger: 1
  m_Enabled: 1
  serializedVersion: 2
  m_Radius: 0.025
  m_Center: {x: 0, y: 0, z: 0}
--- !u!114 &-9179865552843439216
MonoBehaviour:
  m_ObjectHideFlags: 0
  m_CorrespondingSourceObject: {fileID: 0}
  m_PrefabInstance: {fileID: 0}
  m_PrefabAsset: {fileID: 0}
  m_GameObject: {fileID: 8054833793675476533}
  m_Enabled: 1
  m_EditorHideFlags: 0
  m_Script: {fileID: 11500000, guid: cfa30ad0ee0cf1643980c6b6888763a7, type: 3}
  m_Name: 
  m_EditorClassIdentifier: 
  avatar:
  - {fileID: 21300000, guid: c748595d4d79ec043b7bd074d8cf1a30, type: 3}
  - {fileID: 21300000, guid: 04fe5996d16869a40af55a1c8fc24aa8, type: 3}
  ID: 6
  IDMonsterEvolve: 106
  monsterName: Lv1
  moveSpeed: 1.5
  scaleIndex: 2.5
  rb: {fileID: 7461497170488227055}
  imgFillHealthBar: {fileID: 7966122839587636811}
  groundLayerMask:
    serializedVersion: 2
    m_Bits: 128
  isGrounded: 0
  scanPlayerZone: 25
  attackZone: 1.5
  dmg: 1.2
  healthBar: {fileID: 4273410406176880080}
  maxHealth: 5
  health: 0
  animator: {fileID: 0}
  animIdle: {fileID: 0}
  animRun: {fileID: 0}
  animAttack: {fileID: 0}
  dyingFX: {fileID: 451764, guid: 96d8221c1bb8b404fb8cd7080f372017, type: 3}
  catchingFX1: {fileID: 468590, guid: 5a2be1ee955b98442a77ce0fa5db3ea8, type: 3}
  catchingFX2: {fileID: 493452, guid: ec353eb6064cc3d47b681515aaa8606f, type: 3}
  catchingFX3: {fileID: 496464, guid: 68391ea0c1d9ea54d9192da00a4c4c88, type: 3}
  attackGrassFX: {fileID: 4332594141503262, guid: 7e5debf0606b3254faa6bca9a70b6713, type: 3}
  attackFireFX: {fileID: 4168886561065424, guid: a4ecf9bba65b0b84286159aa10fc4bc2, type: 3}
  attackWaterFX: {fileID: 4798355123998498, guid: 31528da7a30e88f4bbf380cf9c9042d7, type: 3}
  world: 0200000001000000ffffffff
  isCatching: 0
--- !u!114 &6317014162929099365
MonoBehaviour:
  m_ObjectHideFlags: 0
  m_CorrespondingSourceObject: {fileID: 0}
  m_PrefabInstance: {fileID: 0}
  m_PrefabAsset: {fileID: 0}
  m_GameObject: {fileID: 8054833793675476533}
  m_Enabled: 1
  m_EditorHideFlags: 0
  m_Script: {fileID: 11500000, guid: c9679e68a0f1144e79c664d9a11ca121, type: 3}
  m_Name: 
  m_EditorClassIdentifier: 
  version: 1
  target: {fileID: 0}
--- !u!114 &1782388978919038401
MonoBehaviour:
  m_ObjectHideFlags: 0
  m_CorrespondingSourceObject: {fileID: 0}
  m_PrefabInstance: {fileID: 0}
  m_PrefabAsset: {fileID: 0}
  m_GameObject: {fileID: 8054833793675476533}
  m_Enabled: 1
  m_EditorHideFlags: 0
  m_Script: {fileID: 11500000, guid: 373b52eb9bf8c40f785bb6947a1aee66, type: 3}
  m_Name: 
  m_EditorClassIdentifier: 
  version: 1
  drawGizmos: 1
  detailedGizmos: 0
  startEndModifier:
    addPoints: 0
    exactStartPoint: 3
    exactEndPoint: 3
    useRaycasting: 0
    mask:
      serializedVersion: 2
      m_Bits: 4294967295
    useGraphRaycasting: 0
  traversableTags: -1
  tagPenalties: 0000000000000000000000000000000000000000000000000000000000000000000000000000000000000000000000000000000000000000000000000000000000000000000000000000000000000000000000000000000000000000000000000000000000000000000000000000000000000000000000000000000000000000
  graphMask:
    value: -1
--- !u!114 &4031957980095249402
MonoBehaviour:
  m_ObjectHideFlags: 0
  m_CorrespondingSourceObject: {fileID: 0}
  m_PrefabInstance: {fileID: 0}
  m_PrefabAsset: {fileID: 0}
  m_GameObject: {fileID: 8054833793675476533}
  m_Enabled: 1
  m_EditorHideFlags: 0
  m_Script: {fileID: 11500000, guid: f6eb1402c17e84a9282a7f0f62eb584f, type: 3}
  m_Name: 
  m_EditorClassIdentifier: 
  version: 2
  radius: 0.35
  height: 1
  repathRate: 0.5
  canSearch: 1
  canMove: 1
  maxSpeed: 1
  gravity: {x: NaN, y: NaN, z: NaN}
  groundMask:
    serializedVersion: 2
    m_Bits: 4294967295
  centerOffsetCompatibility: NaN
  orientation: 0
  enableRotation: 1
  targetCompatibility: {fileID: 0}
  maxAcceleration: -2.5
  rotationSpeed: 360
  slowdownDistance: 0.6
  pickNextWaypointDist: 2
  endReachedDistance: 0.2
  alwaysDrawGizmos: 0
  slowWhenNotFacingTarget: 1
  whenCloseToDestination: 0
  constrainInsideGraph: 0
--- !u!1001 &2257809860229087535
PrefabInstance:
  m_ObjectHideFlags: 0
  serializedVersion: 2
  m_Modification:
    m_TransformParent: {fileID: 8041439838965729725}
    m_Modifications:
    - target: {fileID: 64445627220199265, guid: f278363e9dcfbdd458b0be56ed3d3aa8, type: 3}
      propertyPath: m_AnchorMax.x
      value: 0
      objectReference: {fileID: 0}
    - target: {fileID: 64445627220199265, guid: f278363e9dcfbdd458b0be56ed3d3aa8, type: 3}
      propertyPath: m_AnchorMax.y
      value: 0
      objectReference: {fileID: 0}
    - target: {fileID: 6602528527914171673, guid: f278363e9dcfbdd458b0be56ed3d3aa8, type: 3}
      propertyPath: m_Name
      value: HealthBar1
      objectReference: {fileID: 0}
    - target: {fileID: 7020237761985569473, guid: f278363e9dcfbdd458b0be56ed3d3aa8, type: 3}
      propertyPath: m_Pivot.x
      value: 0.5
      objectReference: {fileID: 0}
    - target: {fileID: 7020237761985569473, guid: f278363e9dcfbdd458b0be56ed3d3aa8, type: 3}
      propertyPath: m_Pivot.y
      value: 0.5
      objectReference: {fileID: 0}
    - target: {fileID: 7020237761985569473, guid: f278363e9dcfbdd458b0be56ed3d3aa8, type: 3}
      propertyPath: m_RootOrder
      value: 0
      objectReference: {fileID: 0}
    - target: {fileID: 7020237761985569473, guid: f278363e9dcfbdd458b0be56ed3d3aa8, type: 3}
      propertyPath: m_AnchorMax.x
      value: 0
      objectReference: {fileID: 0}
    - target: {fileID: 7020237761985569473, guid: f278363e9dcfbdd458b0be56ed3d3aa8, type: 3}
      propertyPath: m_AnchorMax.y
      value: 0
      objectReference: {fileID: 0}
    - target: {fileID: 7020237761985569473, guid: f278363e9dcfbdd458b0be56ed3d3aa8, type: 3}
      propertyPath: m_AnchorMin.x
      value: 0
      objectReference: {fileID: 0}
    - target: {fileID: 7020237761985569473, guid: f278363e9dcfbdd458b0be56ed3d3aa8, type: 3}
      propertyPath: m_AnchorMin.y
      value: 0
      objectReference: {fileID: 0}
    - target: {fileID: 7020237761985569473, guid: f278363e9dcfbdd458b0be56ed3d3aa8, type: 3}
      propertyPath: m_SizeDelta.x
      value: 200
      objectReference: {fileID: 0}
    - target: {fileID: 7020237761985569473, guid: f278363e9dcfbdd458b0be56ed3d3aa8, type: 3}
      propertyPath: m_SizeDelta.y
      value: 50
      objectReference: {fileID: 0}
    - target: {fileID: 7020237761985569473, guid: f278363e9dcfbdd458b0be56ed3d3aa8, type: 3}
      propertyPath: m_LocalPosition.x
      value: 0
      objectReference: {fileID: 0}
    - target: {fileID: 7020237761985569473, guid: f278363e9dcfbdd458b0be56ed3d3aa8, type: 3}
      propertyPath: m_LocalPosition.y
      value: 0
      objectReference: {fileID: 0}
    - target: {fileID: 7020237761985569473, guid: f278363e9dcfbdd458b0be56ed3d3aa8, type: 3}
      propertyPath: m_LocalPosition.z
      value: 0
      objectReference: {fileID: 0}
    - target: {fileID: 7020237761985569473, guid: f278363e9dcfbdd458b0be56ed3d3aa8, type: 3}
      propertyPath: m_LocalRotation.w
      value: 1
      objectReference: {fileID: 0}
    - target: {fileID: 7020237761985569473, guid: f278363e9dcfbdd458b0be56ed3d3aa8, type: 3}
      propertyPath: m_LocalRotation.x
      value: -0
      objectReference: {fileID: 0}
    - target: {fileID: 7020237761985569473, guid: f278363e9dcfbdd458b0be56ed3d3aa8, type: 3}
      propertyPath: m_LocalRotation.y
      value: -0
      objectReference: {fileID: 0}
    - target: {fileID: 7020237761985569473, guid: f278363e9dcfbdd458b0be56ed3d3aa8, type: 3}
      propertyPath: m_LocalRotation.z
      value: -0
      objectReference: {fileID: 0}
    - target: {fileID: 7020237761985569473, guid: f278363e9dcfbdd458b0be56ed3d3aa8, type: 3}
      propertyPath: m_AnchoredPosition.x
      value: 0
      objectReference: {fileID: 0}
    - target: {fileID: 7020237761985569473, guid: f278363e9dcfbdd458b0be56ed3d3aa8, type: 3}
      propertyPath: m_AnchoredPosition.y
      value: 0.85
      objectReference: {fileID: 0}
    - target: {fileID: 7020237761985569473, guid: f278363e9dcfbdd458b0be56ed3d3aa8, type: 3}
      propertyPath: m_LocalEulerAnglesHint.x
      value: 0
      objectReference: {fileID: 0}
    - target: {fileID: 7020237761985569473, guid: f278363e9dcfbdd458b0be56ed3d3aa8, type: 3}
      propertyPath: m_LocalEulerAnglesHint.y
      value: 0
      objectReference: {fileID: 0}
    - target: {fileID: 7020237761985569473, guid: f278363e9dcfbdd458b0be56ed3d3aa8, type: 3}
      propertyPath: m_LocalEulerAnglesHint.z
      value: 0
      objectReference: {fileID: 0}
    m_RemovedComponents: []
  m_SourcePrefab: {fileID: 100100000, guid: f278363e9dcfbdd458b0be56ed3d3aa8, type: 3}
--- !u!224 &9095511031055819758 stripped
RectTransform:
  m_CorrespondingSourceObject: {fileID: 7020237761985569473, guid: f278363e9dcfbdd458b0be56ed3d3aa8, type: 3}
  m_PrefabInstance: {fileID: 2257809860229087535}
  m_PrefabAsset: {fileID: 0}
--- !u!114 &4273410406176880080 stripped
MonoBehaviour:
  m_CorrespondingSourceObject: {fileID: 2601794175191299327, guid: f278363e9dcfbdd458b0be56ed3d3aa8, type: 3}
  m_PrefabInstance: {fileID: 2257809860229087535}
  m_PrefabAsset: {fileID: 0}
  m_GameObject: {fileID: 0}
  m_Enabled: 1
  m_EditorHideFlags: 0
  m_Script: {fileID: 11500000, guid: 67db9e8f0e2ae9c40bc1e2b64352a6b4, type: 3}
  m_Name: 
  m_EditorClassIdentifier: 
--- !u!114 &7966122839587636811 stripped
MonoBehaviour:
  m_CorrespondingSourceObject: {fileID: 8203307404891981668, guid: f278363e9dcfbdd458b0be56ed3d3aa8, type: 3}
  m_PrefabInstance: {fileID: 2257809860229087535}
  m_PrefabAsset: {fileID: 0}
  m_GameObject: {fileID: 0}
  m_Enabled: 1
  m_EditorHideFlags: 0
  m_Script: {fileID: 11500000, guid: fe87c0e1cc204ed48ad3b37840f39efc, type: 3}
  m_Name: 
  m_EditorClassIdentifier: 
