%YAML 1.1
%TAG !u! tag:unity3d.com,2011:
--- !u!1 &427660870375953461
GameObject:
  m_ObjectHideFlags: 0
  m_CorrespondingSourceObject: {fileID: 0}
  m_PrefabInstance: {fileID: 0}
  m_PrefabAsset: {fileID: 0}
  serializedVersion: 6
  m_Component:
  - component: {fileID: 2497497110907733746}
  m_Layer: 0
  m_Name: Bone.016_end
  m_TagString: Untagged
  m_Icon: {fileID: 0}
  m_NavMeshLayer: 0
  m_StaticEditorFlags: 0
  m_IsActive: 1
--- !u!4 &2497497110907733746
Transform:
  m_ObjectHideFlags: 0
  m_CorrespondingSourceObject: {fileID: 0}
  m_PrefabInstance: {fileID: 0}
  m_PrefabAsset: {fileID: 0}
  m_GameObject: {fileID: 427660870375953461}
  m_LocalRotation: {x: 0, y: -0, z: -0, w: 1}
  m_LocalPosition: {x: -0, y: 0.00021204632, z: 0}
  m_LocalScale: {x: 1, y: 1, z: 1}
  m_Children: []
  m_Father: {fileID: 135021992034227667}
  m_RootOrder: 0
  m_LocalEulerAnglesHint: {x: 0, y: 0, z: 0}
--- !u!1 &507110115929652223
GameObject:
  m_ObjectHideFlags: 0
  m_CorrespondingSourceObject: {fileID: 0}
  m_PrefabInstance: {fileID: 0}
  m_PrefabAsset: {fileID: 0}
  serializedVersion: 6
  m_Component:
  - component: {fileID: 252804713948258883}
  m_Layer: 0
  m_Name: Bone
  m_TagString: Untagged
  m_Icon: {fileID: 0}
  m_NavMeshLayer: 0
  m_StaticEditorFlags: 0
  m_IsActive: 1
--- !u!4 &252804713948258883
Transform:
  m_ObjectHideFlags: 0
  m_CorrespondingSourceObject: {fileID: 0}
  m_PrefabInstance: {fileID: 0}
  m_PrefabAsset: {fileID: 0}
  m_GameObject: {fileID: 507110115929652223}
  m_LocalRotation: {x: 0.22020172, y: 0.8503046, z: 0.351993, w: -0.32341042}
  m_LocalPosition: {x: 0.00018872251, y: 0, z: 0.00032082826}
  m_LocalScale: {x: 1.0000001, y: 1, z: 1}
  m_Children:
  - {fileID: 3595251302610515009}
  m_Father: {fileID: 2586849929935388975}
  m_RootOrder: 0
  m_LocalEulerAnglesHint: {x: -76.02973, y: -85.091354, z: -62.106693}
--- !u!1 &751403797741110318
GameObject:
  m_ObjectHideFlags: 0
  m_CorrespondingSourceObject: {fileID: 0}
  m_PrefabInstance: {fileID: 0}
  m_PrefabAsset: {fileID: 0}
  serializedVersion: 6
  m_Component:
  - component: {fileID: 4492339831302041885}
  m_Layer: 0
  m_Name: Bone.004
  m_TagString: Untagged
  m_Icon: {fileID: 0}
  m_NavMeshLayer: 0
  m_StaticEditorFlags: 0
  m_IsActive: 1
--- !u!4 &4492339831302041885
Transform:
  m_ObjectHideFlags: 0
  m_CorrespondingSourceObject: {fileID: 0}
  m_PrefabInstance: {fileID: 0}
  m_PrefabAsset: {fileID: 0}
  m_GameObject: {fileID: 751403797741110318}
  m_LocalRotation: {x: -0.31179118, y: 0.0000029551272, z: -0.0003176017, w: 0.9501506}
  m_LocalPosition: {x: 2.0489097e-10, y: 0.00056560256, z: 4.4703483e-10}
  m_LocalScale: {x: 1, y: 1, z: 1}
  m_Children:
  - {fileID: 3207084412089097696}
  m_Father: {fileID: 886285985514872729}
  m_RootOrder: 0
  m_LocalEulerAnglesHint: {x: -36.32482, y: 0.014473124, z: -0.043049105}
--- !u!1 &980450912465326119
GameObject:
  m_ObjectHideFlags: 0
  m_CorrespondingSourceObject: {fileID: 0}
  m_PrefabInstance: {fileID: 0}
  m_PrefabAsset: {fileID: 0}
  serializedVersion: 6
  m_Component:
  - component: {fileID: 3510149525114835000}
  m_Layer: 0
  m_Name: Bone.013
  m_TagString: Untagged
  m_Icon: {fileID: 0}
  m_NavMeshLayer: 0
  m_StaticEditorFlags: 0
  m_IsActive: 1
--- !u!4 &3510149525114835000
Transform:
  m_ObjectHideFlags: 0
  m_CorrespondingSourceObject: {fileID: 0}
  m_PrefabInstance: {fileID: 0}
  m_PrefabAsset: {fileID: 0}
  m_GameObject: {fileID: 980450912465326119}
  m_LocalRotation: {x: 0.024128962, y: -0.0022401784, z: 0.087358996, w: 0.99588215}
  m_LocalPosition: {x: -0.0009363067, y: 0.0021938793, z: -0.000045965535}
  m_LocalScale: {x: 1, y: 1, z: 1}
  m_Children:
  - {fileID: 5041344188996017124}
  m_Father: {fileID: 3595251302610515009}
  m_RootOrder: 4
  m_LocalEulerAnglesHint: {x: 2.777102, y: -0.014118855, z: 10.025989}
--- !u!1 &1505081465059525245
GameObject:
  m_ObjectHideFlags: 0
  m_CorrespondingSourceObject: {fileID: 0}
  m_PrefabInstance: {fileID: 0}
  m_PrefabAsset: {fileID: 0}
  serializedVersion: 6
  m_Component:
  - component: {fileID: 4436502158080016297}
  m_Layer: 0
  m_Name: Bone.001
  m_TagString: Untagged
  m_Icon: {fileID: 0}
  m_NavMeshLayer: 0
  m_StaticEditorFlags: 0
  m_IsActive: 1
--- !u!4 &4436502158080016297
Transform:
  m_ObjectHideFlags: 0
  m_CorrespondingSourceObject: {fileID: 0}
  m_PrefabInstance: {fileID: 0}
  m_PrefabAsset: {fileID: 0}
  m_GameObject: {fileID: 1505081465059525245}
  m_LocalRotation: {x: -0.018439116, y: 0.0032625613, z: -0.020357937, w: 0.9996174}
  m_LocalPosition: {x: 0.00071082567, y: 0.002394252, z: 0.00003462307}
  m_LocalScale: {x: 1, y: 1, z: 1.0000001}
  m_Children:
  - {fileID: 1348357917935999482}
  m_Father: {fileID: 3595251302610515009}
  m_RootOrder: 1
  m_LocalEulerAnglesHint: {x: -2.1050217, y: 0.4170201, z: -2.3410792}
--- !u!1 &1770025426980287948
GameObject:
  m_ObjectHideFlags: 0
  m_CorrespondingSourceObject: {fileID: 0}
  m_PrefabInstance: {fileID: 0}
  m_PrefabAsset: {fileID: 0}
  serializedVersion: 6
  m_Component:
  - component: {fileID: 3595251302610515009}
  m_Layer: 0
  m_Name: Bone.020
  m_TagString: Untagged
  m_Icon: {fileID: 0}
  m_NavMeshLayer: 0
  m_StaticEditorFlags: 0
  m_IsActive: 1
--- !u!4 &3595251302610515009
Transform:
  m_ObjectHideFlags: 0
  m_CorrespondingSourceObject: {fileID: 0}
  m_PrefabInstance: {fileID: 0}
  m_PrefabAsset: {fileID: 0}
  m_GameObject: {fileID: 1770025426980287948}
  m_LocalRotation: {x: -0.10351944, y: -0.013989913, z: -0.056617975, w: 0.9929161}
  m_LocalPosition: {x: -2.2351741e-10, y: 0.0067020943, z: -9.313225e-11}
  m_LocalScale: {x: 1, y: 0.9999999, z: 0.99999994}
  m_Children:
  - {fileID: 6403056961129993171}
  - {fileID: 4436502158080016297}
  - {fileID: 7141834849480927661}
  - {fileID: 5113688973779896169}
  - {fileID: 3510149525114835000}
  - {fileID: 466204996103308565}
  m_Father: {fileID: 252804713948258883}
  m_RootOrder: 0
  m_LocalEulerAnglesHint: {x: -18.865587, y: -0.31739992, z: -6.6953316}
--- !u!1 &1960945218420767154
GameObject:
  m_ObjectHideFlags: 0
  m_CorrespondingSourceObject: {fileID: 0}
  m_PrefabInstance: {fileID: 0}
  m_PrefabAsset: {fileID: 0}
  serializedVersion: 6
  m_Component:
  - component: {fileID: 466204996103308565}
  m_Layer: 0
  m_Name: Bone.017
  m_TagString: Untagged
  m_Icon: {fileID: 0}
  m_NavMeshLayer: 0
  m_StaticEditorFlags: 0
  m_IsActive: 1
--- !u!4 &466204996103308565
Transform:
  m_ObjectHideFlags: 0
  m_CorrespondingSourceObject: {fileID: 0}
  m_PrefabInstance: {fileID: 0}
  m_PrefabAsset: {fileID: 0}
  m_GameObject: {fileID: 1960945218420767154}
  m_LocalRotation: {x: -0.22471966, y: 0.09522464, z: -0.3201555, w: 0.9153873}
  m_LocalPosition: {x: 0.0011713217, y: 0.001125387, z: -0.00012268595}
  m_LocalScale: {x: 1.0000001, y: 1, z: 1.0000001}
  m_Children:
  - {fileID: 2945768250380794786}
  m_Father: {fileID: 3595251302610515009}
  m_RootOrder: 5
  m_LocalEulerAnglesHint: {x: -20.520285, y: 19.85982, z: -42.182133}
--- !u!1 &2096793710703635646
GameObject:
  m_ObjectHideFlags: 0
  m_CorrespondingSourceObject: {fileID: 0}
  m_PrefabInstance: {fileID: 0}
  m_PrefabAsset: {fileID: 0}
  serializedVersion: 6
  m_Component:
  - component: {fileID: 8085280084077974840}
  m_Layer: 0
  m_Name: Bone.019_end
  m_TagString: Untagged
  m_Icon: {fileID: 0}
  m_NavMeshLayer: 0
  m_StaticEditorFlags: 0
  m_IsActive: 1
--- !u!4 &8085280084077974840
Transform:
  m_ObjectHideFlags: 0
  m_CorrespondingSourceObject: {fileID: 0}
  m_PrefabInstance: {fileID: 0}
  m_PrefabAsset: {fileID: 0}
  m_GameObject: {fileID: 2096793710703635646}
  m_LocalRotation: {x: 0, y: -0, z: -0, w: 1}
  m_LocalPosition: {x: -0, y: 0.00046218655, z: 0}
  m_LocalScale: {x: 1, y: 1, z: 1}
  m_Children: []
  m_Father: {fileID: 5788298553740317679}
  m_RootOrder: 0
  m_LocalEulerAnglesHint: {x: 0, y: 0, z: 0}
--- !u!1 &2641921300090186130
GameObject:
  m_ObjectHideFlags: 0
  m_CorrespondingSourceObject: {fileID: 0}
  m_PrefabInstance: {fileID: 0}
  m_PrefabAsset: {fileID: 0}
  serializedVersion: 6
  m_Component:
  - component: {fileID: 7782020484943767416}
  m_Layer: 0
  m_Name: Bone.006
  m_TagString: Untagged
  m_Icon: {fileID: 0}
  m_NavMeshLayer: 0
  m_StaticEditorFlags: 0
  m_IsActive: 1
--- !u!4 &7782020484943767416
Transform:
  m_ObjectHideFlags: 0
  m_CorrespondingSourceObject: {fileID: 0}
  m_PrefabInstance: {fileID: 0}
  m_PrefabAsset: {fileID: 0}
  m_GameObject: {fileID: 2641921300090186130}
  m_LocalRotation: {x: -0.40059057, y: 0.003698167, z: -0.0076374575, w: 0.91621786}
  m_LocalPosition: {x: 1.4901161e-10, y: 0.0003791657, z: -1.4901161e-10}
  m_LocalScale: {x: 0.9999999, y: 1, z: 1}
  m_Children:
  - {fileID: 6878122938707030818}
  m_Father: {fileID: 7141834849480927661}
  m_RootOrder: 0
  m_LocalEulerAnglesHint: {x: -47.2353, y: 1.0880262, z: -1.4306781}
--- !u!1 &2710297523021864889
GameObject:
  m_ObjectHideFlags: 0
  m_CorrespondingSourceObject: {fileID: 0}
  m_PrefabInstance: {fileID: 0}
  m_PrefabAsset: {fileID: 0}
  serializedVersion: 6
  m_Component:
  - component: {fileID: 6930681092306388603}
  m_Layer: 0
  m_Name: Bone.012_end
  m_TagString: Untagged
  m_Icon: {fileID: 0}
  m_NavMeshLayer: 0
  m_StaticEditorFlags: 0
  m_IsActive: 1
--- !u!4 &6930681092306388603
Transform:
  m_ObjectHideFlags: 0
  m_CorrespondingSourceObject: {fileID: 0}
  m_PrefabInstance: {fileID: 0}
  m_PrefabAsset: {fileID: 0}
  m_GameObject: {fileID: 2710297523021864889}
  m_LocalRotation: {x: 0, y: -0, z: -0, w: 1}
  m_LocalPosition: {x: -0, y: 0.00029114558, z: 0}
  m_LocalScale: {x: 1, y: 1, z: 1}
  m_Children: []
  m_Father: {fileID: 2812435757396452758}
  m_RootOrder: 0
  m_LocalEulerAnglesHint: {x: 0, y: 0, z: 0}
--- !u!1 &3062106475530050572
GameObject:
  m_ObjectHideFlags: 0
  m_CorrespondingSourceObject: {fileID: 0}
  m_PrefabInstance: {fileID: 0}
  m_PrefabAsset: {fileID: 0}
  serializedVersion: 6
  m_Component:
  - component: {fileID: 7145090422188051762}
  m_Layer: 0
  m_Name: Bone.011
  m_TagString: Untagged
  m_Icon: {fileID: 0}
  m_NavMeshLayer: 0
  m_StaticEditorFlags: 0
  m_IsActive: 1
--- !u!4 &7145090422188051762
Transform:
  m_ObjectHideFlags: 0
  m_CorrespondingSourceObject: {fileID: 0}
  m_PrefabInstance: {fileID: 0}
  m_PrefabAsset: {fileID: 0}
  m_GameObject: {fileID: 3062106475530050572}
  m_LocalRotation: {x: -0.4834685, y: -0.008455556, z: 0.01230488, w: 0.8752344}
  m_LocalPosition: {x: -2.6077032e-10, y: 0.00072633993, z: 7.4505804e-11}
  m_LocalScale: {x: 0.99999994, y: 1, z: 1}
  m_Children:
  - {fileID: 2812435757396452758}
  m_Father: {fileID: 8035097837419828100}
  m_RootOrder: 0
  m_LocalEulerAnglesHint: {x: -57.79618, y: -2.8710167, z: 3.1955278}
--- !u!1 &3120691580154927399
GameObject:
  m_ObjectHideFlags: 0
  m_CorrespondingSourceObject: {fileID: 0}
  m_PrefabInstance: {fileID: 0}
  m_PrefabAsset: {fileID: 0}
  serializedVersion: 6
  m_Component:
  - component: {fileID: 5788298553740317679}
  m_Layer: 0
  m_Name: Bone.019
  m_TagString: Untagged
  m_Icon: {fileID: 0}
  m_NavMeshLayer: 0
  m_StaticEditorFlags: 0
  m_IsActive: 1
--- !u!4 &5788298553740317679
Transform:
  m_ObjectHideFlags: 0
  m_CorrespondingSourceObject: {fileID: 0}
  m_PrefabInstance: {fileID: 0}
  m_PrefabAsset: {fileID: 0}
  m_GameObject: {fileID: 3120691580154927399}
  m_LocalRotation: {x: -0.07092539, y: 0.022647897, z: 0.122252814, w: 0.98970246}
  m_LocalPosition: {x: 7.45058e-10, y: 0.00072111137, z: 7.4505804e-11}
  m_LocalScale: {x: 1.0000001, y: 1, z: 0.99999994}
  m_Children:
  - {fileID: 8085280084077974840}
  m_Father: {fileID: 2945768250380794786}
  m_RootOrder: 0
  m_LocalEulerAnglesHint: {x: -8.390997, y: 1.5921758, z: 13.966755}
--- !u!1 &3922998031562772806
GameObject:
  m_ObjectHideFlags: 0
  m_CorrespondingSourceObject: {fileID: 0}
  m_PrefabInstance: {fileID: 0}
  m_PrefabAsset: {fileID: 0}
  serializedVersion: 6
  m_Component:
  - component: {fileID: 9061844084207084523}
  m_Layer: 0
  m_Name: Bone.015
  m_TagString: Untagged
  m_Icon: {fileID: 0}
  m_NavMeshLayer: 0
  m_StaticEditorFlags: 0
  m_IsActive: 1
--- !u!4 &9061844084207084523
Transform:
  m_ObjectHideFlags: 0
  m_CorrespondingSourceObject: {fileID: 0}
  m_PrefabInstance: {fileID: 0}
  m_PrefabAsset: {fileID: 0}
  m_GameObject: {fileID: 3922998031562772806}
  m_LocalRotation: {x: -0.5141754, y: 0.0032543847, z: -0.0042000897, w: 0.8576686}
  m_LocalPosition: {x: -1.4901161e-10, y: 0.00054712413, z: -1.0244548e-10}
  m_LocalScale: {x: 0.9999999, y: 1.0000001, z: 1}
  m_Children:
  - {fileID: 135021992034227667}
  m_Father: {fileID: 5041344188996017124}
  m_RootOrder: 0
  m_LocalEulerAnglesHint: {x: -61.88676, y: 1.2036669, z: -1.2826158}
--- !u!1 &4096268853809101003
GameObject:
  m_ObjectHideFlags: 0
  m_CorrespondingSourceObject: {fileID: 0}
  m_PrefabInstance: {fileID: 0}
  m_PrefabAsset: {fileID: 0}
  serializedVersion: 6
  m_Component:
  - component: {fileID: 1348357917935999482}
  m_Layer: 0
  m_Name: Bone.002
  m_TagString: Untagged
  m_Icon: {fileID: 0}
  m_NavMeshLayer: 0
  m_StaticEditorFlags: 0
  m_IsActive: 1
--- !u!4 &1348357917935999482
Transform:
  m_ObjectHideFlags: 0
  m_CorrespondingSourceObject: {fileID: 0}
  m_PrefabInstance: {fileID: 0}
  m_PrefabAsset: {fileID: 0}
  m_GameObject: {fileID: 4096268853809101003}
  m_LocalRotation: {x: -0.30715317, y: 0.0155383805, z: -0.042958636, w: 0.950563}
  m_LocalPosition: {x: 8.5681673e-10, y: 0.00029281824, z: -9.685754e-10}
  m_LocalScale: {x: 0.9999999, y: 1, z: 0.9999999}
  m_Children:
  - {fileID: 886285985514872729}
  m_Father: {fileID: 4436502158080016297}
  m_RootOrder: 0
  m_LocalEulerAnglesHint: {x: -35.64525, y: 3.947166, z: -6.4429545}
--- !u!1 &4141512978572528485
GameObject:
  m_ObjectHideFlags: 0
  m_CorrespondingSourceObject: {fileID: 0}
  m_PrefabInstance: {fileID: 0}
  m_PrefabAsset: {fileID: 0}
  serializedVersion: 6
  m_Component:
  - component: {fileID: 2586849929935388975}
  m_Layer: 0
  m_Name: Armature
  m_TagString: Untagged
  m_Icon: {fileID: 0}
  m_NavMeshLayer: 0
  m_StaticEditorFlags: 0
  m_IsActive: 1
--- !u!4 &2586849929935388975
Transform:
  m_ObjectHideFlags: 0
  m_CorrespondingSourceObject: {fileID: 0}
  m_PrefabInstance: {fileID: 0}
  m_PrefabAsset: {fileID: 0}
  m_GameObject: {fileID: 4141512978572528485}
  m_LocalRotation: {x: -0.7071068, y: 0, z: -0, w: 0.7071067}
  m_LocalPosition: {x: -0, y: 0, z: 0}
  m_LocalScale: {x: 100, y: 100, z: 100}
  m_Children:
  - {fileID: 252804713948258883}
  m_Father: {fileID: 6869822441366016433}
  m_RootOrder: 0
  m_LocalEulerAnglesHint: {x: -89.98021, y: 0, z: 0}
--- !u!1 &4540479069359371979
GameObject:
  m_ObjectHideFlags: 0
  m_CorrespondingSourceObject: {fileID: 0}
  m_PrefabInstance: {fileID: 0}
  m_PrefabAsset: {fileID: 0}
  serializedVersion: 6
  m_Component:
  - component: {fileID: 5113688973779896169}
  m_Layer: 0
  m_Name: Bone.009
  m_TagString: Untagged
  m_Icon: {fileID: 0}
  m_NavMeshLayer: 0
  m_StaticEditorFlags: 0
  m_IsActive: 1
--- !u!4 &5113688973779896169
Transform:
  m_ObjectHideFlags: 0
  m_CorrespondingSourceObject: {fileID: 0}
  m_PrefabInstance: {fileID: 0}
  m_PrefabAsset: {fileID: 0}
  m_GameObject: {fileID: 4540479069359371979}
  m_LocalRotation: {x: -0.08228241, y: -0.007864694, z: 0.079993986, w: 0.99336237}
  m_LocalPosition: {x: -0.00043653473, y: 0.002269855, z: 0.0000565397}
  m_LocalScale: {x: 1, y: 1.0000001, z: 1}
  m_Children:
  - {fileID: 8035097837419828100}
  m_Father: {fileID: 3595251302610515009}
  m_RootOrder: 3
  m_LocalEulerAnglesHint: {x: -9.3354435, y: -1.6718752, z: 9.344531}
--- !u!1 &5069941157801489195
GameObject:
  m_ObjectHideFlags: 0
  m_CorrespondingSourceObject: {fileID: 0}
  m_PrefabInstance: {fileID: 0}
  m_PrefabAsset: {fileID: 0}
  serializedVersion: 6
  m_Component:
  - component: {fileID: 2272225000367962790}
  - component: {fileID: 2040648726253451989}
  m_Layer: 0
  m_Name: tay.005
  m_TagString: Untagged
  m_Icon: {fileID: 0}
  m_NavMeshLayer: 0
  m_StaticEditorFlags: 0
  m_IsActive: 1
--- !u!4 &2272225000367962790
Transform:
  m_ObjectHideFlags: 0
  m_CorrespondingSourceObject: {fileID: 0}
  m_PrefabInstance: {fileID: 0}
  m_PrefabAsset: {fileID: 0}
  m_GameObject: {fileID: 5069941157801489195}
  m_LocalRotation: {x: 0, y: -0, z: -0, w: 1}
  m_LocalPosition: {x: -0, y: 0, z: 0.05262675}
  m_LocalScale: {x: 1, y: 1, z: 1}
  m_Children: []
  m_Father: {fileID: 6869822441366016433}
  m_RootOrder: 1
  m_LocalEulerAnglesHint: {x: 0, y: 0, z: 0}
--- !u!137 &2040648726253451989
SkinnedMeshRenderer:
  m_ObjectHideFlags: 0
  m_CorrespondingSourceObject: {fileID: 0}
  m_PrefabInstance: {fileID: 0}
  m_PrefabAsset: {fileID: 0}
  m_GameObject: {fileID: 5069941157801489195}
  m_Enabled: 1
  m_CastShadows: 1
  m_ReceiveShadows: 1
  m_DynamicOccludee: 1
  m_MotionVectors: 1
  m_LightProbeUsage: 1
  m_ReflectionProbeUsage: 1
  m_RayTracingMode: 3
  m_RayTraceProcedural: 0
  m_RenderingLayerMask: 1
  m_RendererPriority: 0
  m_Materials:
  - {fileID: 2100000, guid: a8cd7a724f10ab44aa90d908036d8d62, type: 2}
  m_StaticBatchInfo:
    firstSubMesh: 0
    subMeshCount: 0
  m_StaticBatchRoot: {fileID: 0}
  m_ProbeAnchor: {fileID: 0}
  m_LightProbeVolumeOverride: {fileID: 0}
  m_ScaleInLightmap: 1
  m_ReceiveGI: 1
  m_PreserveUVs: 0
  m_IgnoreNormalsForChartDetection: 0
  m_ImportantGI: 0
  m_StitchLightmapSeams: 1
  m_SelectedEditorRenderState: 3
  m_MinimumChartSize: 4
  m_AutoUVMaxDistance: 0.5
  m_AutoUVMaxAngle: 89
  m_LightmapParameters: {fileID: 0}
  m_SortingLayerID: 0
  m_SortingLayer: 0
  m_SortingOrder: 0
  serializedVersion: 2
  m_Quality: 0
  m_UpdateWhenOffscreen: 0
  m_SkinnedMotionVectors: 1
  m_Mesh: {fileID: 9107920057163736201, guid: e86993c1e93f3874993b29f29a6c2d1c, type: 3}
  m_Bones:
  - {fileID: 252804713948258883}
  - {fileID: 3595251302610515009}
  - {fileID: 4436502158080016297}
  - {fileID: 1348357917935999482}
  - {fileID: 886285985514872729}
  - {fileID: 4492339831302041885}
  - {fileID: 7141834849480927661}
  - {fileID: 7782020484943767416}
  - {fileID: 6878122938707030818}
  - {fileID: 726750166602489737}
  - {fileID: 5113688973779896169}
  - {fileID: 8035097837419828100}
  - {fileID: 7145090422188051762}
  - {fileID: 2812435757396452758}
  - {fileID: 3510149525114835000}
  - {fileID: 5041344188996017124}
  - {fileID: 9061844084207084523}
  - {fileID: 135021992034227667}
  - {fileID: 466204996103308565}
  - {fileID: 2945768250380794786}
  - {fileID: 5788298553740317679}
  m_BlendShapeWeights: []
  m_RootBone: {fileID: 252804713948258883}
  m_AABB:
    m_Center: {x: 0.00055698433, y: 0.0049873902, z: -0.00064738403}
    m_Extent: {x: 0.0018829411, y: 0.0053373347, z: 0.0016491842}
  m_DirtyAABB: 0
--- !u!1 &5675635146516232752
GameObject:
  m_ObjectHideFlags: 0
  m_CorrespondingSourceObject: {fileID: 0}
  m_PrefabInstance: {fileID: 0}
  m_PrefabAsset: {fileID: 0}
  serializedVersion: 6
  m_Component:
  - component: {fileID: 8035097837419828100}
  m_Layer: 0
  m_Name: Bone.010
  m_TagString: Untagged
  m_Icon: {fileID: 0}
  m_NavMeshLayer: 0
  m_StaticEditorFlags: 0
  m_IsActive: 1
--- !u!4 &8035097837419828100
Transform:
  m_ObjectHideFlags: 0
  m_CorrespondingSourceObject: {fileID: 0}
  m_PrefabInstance: {fileID: 0}
  m_PrefabAsset: {fileID: 0}
  m_GameObject: {fileID: 5675635146516232752}
  m_LocalRotation: {x: -0.3685515, y: 0.023642197, z: -0.03974473, w: 0.92845637}
  m_LocalPosition: {x: -3.7252902e-11, y: 0.00037323326, z: -2.9802322e-10}
  m_LocalScale: {x: 1, y: 1, z: 1}
  m_Children:
  - {fileID: 7145090422188051762}
  m_Father: {fileID: 5113688973779896169}
  m_RootOrder: 0
  m_LocalEulerAnglesHint: {x: -43.05116, y: 5.746838, z: -7.1707926}
--- !u!1 &6061092690317052683
GameObject:
  m_ObjectHideFlags: 0
  m_CorrespondingSourceObject: {fileID: 0}
  m_PrefabInstance: {fileID: 0}
  m_PrefabAsset: {fileID: 0}
  serializedVersion: 6
  m_Component:
  - component: {fileID: 6869822441366016433}
  - component: {fileID: 6403056960807145302}
  - component: {fileID: 6061092690317052680}
  m_Layer: 0
  m_Name: HandSpider
  m_TagString: Untagged
  m_Icon: {fileID: 0}
  m_NavMeshLayer: 0
  m_StaticEditorFlags: 0
  m_IsActive: 1
--- !u!4 &6869822441366016433
Transform:
  m_ObjectHideFlags: 0
  m_CorrespondingSourceObject: {fileID: 0}
  m_PrefabInstance: {fileID: 0}
  m_PrefabAsset: {fileID: 0}
  m_GameObject: {fileID: 6061092690317052683}
  m_LocalRotation: {x: 0.13000077, y: -0.94756734, z: 0.13555025, w: 0.25853845}
  m_LocalPosition: {x: 0.685, y: -0.641, z: 0.846}
  m_LocalScale: {x: 1, y: 1, z: 1}
  m_Children:
  - {fileID: 2586849929935388975}
  - {fileID: 2272225000367962790}
  m_Father: {fileID: 0}
  m_RootOrder: 0
  m_LocalEulerAnglesHint: {x: 18.911, y: 208.729, z: -370.739}
--- !u!95 &6403056960807145302
Animator:
  serializedVersion: 3
  m_ObjectHideFlags: 0
  m_CorrespondingSourceObject: {fileID: 0}
  m_PrefabInstance: {fileID: 0}
  m_PrefabAsset: {fileID: 0}
  m_GameObject: {fileID: 6061092690317052683}
  m_Enabled: 1
  m_Avatar: {fileID: 0}
  m_Controller: {fileID: 9100000, guid: 6b6c34cc536bc4d43b99c0cebf7b75d2, type: 2}
  m_CullingMode: 0
  m_UpdateMode: 2
  m_ApplyRootMotion: 0
  m_LinearVelocityBlending: 0
  m_WarningMessage: 
  m_HasTransformHierarchy: 1
  m_AllowConstantClipSamplingOptimization: 1
  m_KeepAnimatorControllerStateOnDisable: 0
--- !u!114 &6061092690317052680
MonoBehaviour:
  m_ObjectHideFlags: 0
  m_CorrespondingSourceObject: {fileID: 0}
  m_PrefabInstance: {fileID: 0}
  m_PrefabAsset: {fileID: 0}
  m_GameObject: {fileID: 6061092690317052683}
  m_Enabled: 1
  m_EditorHideFlags: 0
  m_Script: {fileID: 11500000, guid: 0f508cce4639b0249b76f7f4560a3268, type: 3}
  m_Name: 
  m_EditorClassIdentifier: 
  handType: 4
  handRenderer: {fileID: 2040648726253451989}
  player: {fileID: 0}
  monsterOnHand: {fileID: 0}
  newBall: {fileID: 0}
  monsterOnHandPrefab: {fileID: 327812659615480678, guid: 07df12fcd5c5bf84396e4ce325269471, type: 3}
  attackPos: {fileID: 6403056961129993171}
  handAnimator: {fileID: 6403056960807145302}
  clipIdle1: {fileID: 7400000, guid: 1cd85fd9be89ce8499dfc28127583b44, type: 2}
  clipHoldMons: {fileID: 7400000, guid: d4b3a01d2a33439408907b46c6c173aa, type: 2}
  clipLose: {fileID: 7400000, guid: 11679b5fee6a2b741af782af76218c7f, type: 2}
  clipWin: {fileID: 7400000, guid: 1ee7b313ef35f1543b742235c6ac1bbd, type: 2}
  clipCatch2: {fileID: 7400000, guid: cbe520e5a7a14d64abfb4cb1ef33ad57, type: 2}
  clipCatch1: {fileID: 7400000, guid: 95f8bafbc108ec94cb982197e947c731, type: 2}
  emptyBox: {fileID: 1897146101262889527}
  normalBox: {fileID: 2086789569849584510}
  vipBox: {fileID: 1772354720247438971}
--- !u!1 &6208879357192567154
GameObject:
  m_ObjectHideFlags: 0
  m_CorrespondingSourceObject: {fileID: 0}
  m_PrefabInstance: {fileID: 0}
  m_PrefabAsset: {fileID: 0}
  serializedVersion: 6
  m_Component:
  - component: {fileID: 135021992034227667}
  m_Layer: 0
  m_Name: Bone.016
  m_TagString: Untagged
  m_Icon: {fileID: 0}
  m_NavMeshLayer: 0
  m_StaticEditorFlags: 0
  m_IsActive: 1
--- !u!4 &135021992034227667
Transform:
  m_ObjectHideFlags: 0
  m_CorrespondingSourceObject: {fileID: 0}
  m_PrefabInstance: {fileID: 0}
  m_PrefabAsset: {fileID: 0}
  m_GameObject: {fileID: 6208879357192567154}
  m_LocalRotation: {x: -0.24118769, y: 0.0020958227, z: -0.0049541453, w: 0.97046363}
  m_LocalPosition: {x: 5.2154064e-10, y: 0.00041513704, z: 7.4505804e-11}
  m_LocalScale: {x: 1, y: 1, z: 1}
  m_Children:
  - {fileID: 2497497110907733746}
  m_Father: {fileID: 9061844084207084523}
  m_RootOrder: 0
  m_LocalEulerAnglesHint: {x: -27.901888, y: 0.4185433, z: -0.6889232}
--- !u!1 &6393449920985448918
GameObject:
  m_ObjectHideFlags: 0
  m_CorrespondingSourceObject: {fileID: 0}
  m_PrefabInstance: {fileID: 0}
  m_PrefabAsset: {fileID: 0}
  serializedVersion: 6
  m_Component:
  - component: {fileID: 5467206702962101774}
  m_Layer: 0
  m_Name: Bone.008_end
  m_TagString: Untagged
  m_Icon: {fileID: 0}
  m_NavMeshLayer: 0
  m_StaticEditorFlags: 0
  m_IsActive: 1
--- !u!4 &5467206702962101774
Transform:
  m_ObjectHideFlags: 0
  m_CorrespondingSourceObject: {fileID: 0}
  m_PrefabInstance: {fileID: 0}
  m_PrefabAsset: {fileID: 0}
  m_GameObject: {fileID: 6393449920985448918}
  m_LocalRotation: {x: 0, y: -0, z: -0, w: 1}
  m_LocalPosition: {x: -0, y: 0.00029002834, z: 0}
  m_LocalScale: {x: 1, y: 1, z: 1}
  m_Children: []
  m_Father: {fileID: 726750166602489737}
  m_RootOrder: 0
  m_LocalEulerAnglesHint: {x: 0, y: 0, z: 0}
--- !u!1 &6403056961129993175
GameObject:
  m_ObjectHideFlags: 0
  m_CorrespondingSourceObject: {fileID: 0}
  m_PrefabInstance: {fileID: 0}
  m_PrefabAsset: {fileID: 0}
  serializedVersion: 6
  m_Component:
  - component: {fileID: 6403056961129993171}
  - component: {fileID: 6403056961129993170}
  - component: {fileID: 6403056961129993173}
  m_Layer: 6
  m_Name: MonsterBall
  m_TagString: Untagged
  m_Icon: {fileID: 0}
  m_NavMeshLayer: 0
  m_StaticEditorFlags: 0
  m_IsActive: 1
--- !u!4 &6403056961129993171
Transform:
  m_ObjectHideFlags: 0
  m_CorrespondingSourceObject: {fileID: 0}
  m_PrefabInstance: {fileID: 0}
  m_PrefabAsset: {fileID: 0}
  m_GameObject: {fileID: 6403056961129993175}
  m_LocalRotation: {x: -0.20846768, y: -0.35192278, z: -0.36243352, w: 0.83745664}
  m_LocalPosition: {x: 0.000037, y: 0.002211, z: -0.000564}
  m_LocalScale: {x: 0.002, y: 0.002, z: 0.002}
  m_Children:
  - {fileID: 1233939015787014285}
  - {fileID: 1428621394587256001}
  - {fileID: 1710827595226919364}
  m_Father: {fileID: 3595251302610515009}
  m_RootOrder: 0
  m_LocalEulerAnglesHint: {x: 0, y: 0, z: 0}
--- !u!33 &6403056961129993170
MeshFilter:
  m_ObjectHideFlags: 0
  m_CorrespondingSourceObject: {fileID: 0}
  m_PrefabInstance: {fileID: 0}
  m_PrefabAsset: {fileID: 0}
  m_GameObject: {fileID: 6403056961129993175}
  m_Mesh: {fileID: 10207, guid: 0000000000000000e000000000000000, type: 0}
--- !u!23 &6403056961129993173
MeshRenderer:
  m_ObjectHideFlags: 0
  m_CorrespondingSourceObject: {fileID: 0}
  m_PrefabInstance: {fileID: 0}
  m_PrefabAsset: {fileID: 0}
  m_GameObject: {fileID: 6403056961129993175}
  m_Enabled: 0
  m_CastShadows: 0
  m_ReceiveShadows: 0
  m_DynamicOccludee: 1
  m_MotionVectors: 1
  m_LightProbeUsage: 1
  m_ReflectionProbeUsage: 1
  m_RayTracingMode: 2
  m_RayTraceProcedural: 0
  m_RenderingLayerMask: 1
  m_RendererPriority: 0
  m_Materials:
  - {fileID: 2100000, guid: 91c61a338a75ed14cac58961fb6831f0, type: 2}
  m_StaticBatchInfo:
    firstSubMesh: 0
    subMeshCount: 0
  m_StaticBatchRoot: {fileID: 0}
  m_ProbeAnchor: {fileID: 0}
  m_LightProbeVolumeOverride: {fileID: 0}
  m_ScaleInLightmap: 1
  m_ReceiveGI: 1
  m_PreserveUVs: 0
  m_IgnoreNormalsForChartDetection: 0
  m_ImportantGI: 0
  m_StitchLightmapSeams: 1
  m_SelectedEditorRenderState: 3
  m_MinimumChartSize: 4
  m_AutoUVMaxDistance: 0.5
  m_AutoUVMaxAngle: 89
  m_LightmapParameters: {fileID: 0}
  m_SortingLayerID: 0
  m_SortingLayer: 0
  m_SortingOrder: 0
  m_AdditionalVertexStreams: {fileID: 0}
--- !u!1 &6598550858621166748
GameObject:
  m_ObjectHideFlags: 0
  m_CorrespondingSourceObject: {fileID: 0}
  m_PrefabInstance: {fileID: 0}
  m_PrefabAsset: {fileID: 0}
  serializedVersion: 6
  m_Component:
  - component: {fileID: 2945768250380794786}
  m_Layer: 0
  m_Name: Bone.018
  m_TagString: Untagged
  m_Icon: {fileID: 0}
  m_NavMeshLayer: 0
  m_StaticEditorFlags: 0
  m_IsActive: 1
--- !u!4 &2945768250380794786
Transform:
  m_ObjectHideFlags: 0
  m_CorrespondingSourceObject: {fileID: 0}
  m_PrefabInstance: {fileID: 0}
  m_PrefabAsset: {fileID: 0}
  m_GameObject: {fileID: 6598550858621166748}
  m_LocalRotation: {x: -0.08475344, y: -0.004238906, z: 0.42393202, w: 0.9017098}
  m_LocalPosition: {x: -2.2351741e-10, y: 0.0005062179, z: 2.3283064e-10}
  m_LocalScale: {x: 0.99999994, y: 0.99999994, z: 0.9999998}
  m_Children:
  - {fileID: 5788298553740317679}
  m_Father: {fileID: 466204996103308565}
  m_RootOrder: 0
  m_LocalEulerAnglesHint: {x: -8.585746, y: -4.613242, z: 50.712845}
--- !u!1 &7017781941031038639
GameObject:
  m_ObjectHideFlags: 0
  m_CorrespondingSourceObject: {fileID: 0}
  m_PrefabInstance: {fileID: 0}
  m_PrefabAsset: {fileID: 0}
  serializedVersion: 6
  m_Component:
  - component: {fileID: 886285985514872729}
  m_Layer: 0
  m_Name: Bone.003
  m_TagString: Untagged
  m_Icon: {fileID: 0}
  m_NavMeshLayer: 0
  m_StaticEditorFlags: 0
  m_IsActive: 1
--- !u!4 &886285985514872729
Transform:
  m_ObjectHideFlags: 0
  m_CorrespondingSourceObject: {fileID: 0}
  m_PrefabInstance: {fileID: 0}
  m_PrefabAsset: {fileID: 0}
  m_GameObject: {fileID: 7017781941031038639}
  m_LocalRotation: {x: -0.4586932, y: -0.0040876055, z: 0.0068080486, w: 0.8885592}
  m_LocalPosition: {x: -5.401671e-10, y: 0.0006970288, z: 3.7252902e-11}
  m_LocalScale: {x: 0.9999999, y: 1, z: 1}
  m_Children:
  - {fileID: 4492339831302041885}
  m_Father: {fileID: 1348357917935999482}
  m_RootOrder: 0
  m_LocalEulerAnglesHint: {x: -54.60435, y: -1.3362676, z: 1.5675849}
--- !u!1 &7241932208266567160
GameObject:
  m_ObjectHideFlags: 0
  m_CorrespondingSourceObject: {fileID: 0}
  m_PrefabInstance: {fileID: 0}
  m_PrefabAsset: {fileID: 0}
  serializedVersion: 6
  m_Component:
  - component: {fileID: 2812435757396452758}
  m_Layer: 0
  m_Name: Bone.012
  m_TagString: Untagged
  m_Icon: {fileID: 0}
  m_NavMeshLayer: 0
  m_StaticEditorFlags: 0
  m_IsActive: 1
--- !u!4 &2812435757396452758
Transform:
  m_ObjectHideFlags: 0
  m_CorrespondingSourceObject: {fileID: 0}
  m_PrefabInstance: {fileID: 0}
  m_PrefabAsset: {fileID: 0}
  m_GameObject: {fileID: 7241932208266567160}
  m_LocalRotation: {x: -0.25590315, y: -0.00024563816, z: -0.0010650541, w: 0.9667018}
  m_LocalPosition: {x: 7.0780515e-10, y: 0.0005242591, z: -2.9802322e-10}
  m_LocalScale: {x: 1, y: 1, z: 1}
  m_Children:
  - {fileID: 6930681092306388603}
  m_Father: {fileID: 7145090422188051762}
  m_RootOrder: 0
  m_LocalEulerAnglesHint: {x: -29.64464, y: 0.00459624, z: -0.12745406}
--- !u!1 &7614939728399574150
GameObject:
  m_ObjectHideFlags: 0
  m_CorrespondingSourceObject: {fileID: 0}
  m_PrefabInstance: {fileID: 0}
  m_PrefabAsset: {fileID: 0}
  serializedVersion: 6
  m_Component:
  - component: {fileID: 726750166602489737}
  m_Layer: 0
  m_Name: Bone.008
  m_TagString: Untagged
  m_Icon: {fileID: 0}
  m_NavMeshLayer: 0
  m_StaticEditorFlags: 0
  m_IsActive: 1
--- !u!4 &726750166602489737
Transform:
  m_ObjectHideFlags: 0
  m_CorrespondingSourceObject: {fileID: 0}
  m_PrefabInstance: {fileID: 0}
  m_PrefabAsset: {fileID: 0}
  m_GameObject: {fileID: 7614939728399574150}
  m_LocalRotation: {x: -0.2898108, y: -0.0016191957, z: 0.0035575882, w: 0.95707595}
  m_LocalPosition: {x: -0, y: 0.0006688088, z: 1.4901161e-10}
  m_LocalScale: {x: 0.99999994, y: 1.0000001, z: 1}
  m_Children:
  - {fileID: 5467206702962101774}
  m_Father: {fileID: 6878122938707030818}
  m_RootOrder: 0
  m_LocalEulerAnglesHint: {x: -33.68255, y: -0.35529578, z: 0.53347564}
--- !u!1 &7837863473206228777
GameObject:
  m_ObjectHideFlags: 0
  m_CorrespondingSourceObject: {fileID: 0}
  m_PrefabInstance: {fileID: 0}
  m_PrefabAsset: {fileID: 0}
  serializedVersion: 6
  m_Component:
  - component: {fileID: 3207084412089097696}
  m_Layer: 0
  m_Name: Bone.004_end
  m_TagString: Untagged
  m_Icon: {fileID: 0}
  m_NavMeshLayer: 0
  m_StaticEditorFlags: 0
  m_IsActive: 1
--- !u!4 &3207084412089097696
Transform:
  m_ObjectHideFlags: 0
  m_CorrespondingSourceObject: {fileID: 0}
  m_PrefabInstance: {fileID: 0}
  m_PrefabAsset: {fileID: 0}
  m_GameObject: {fileID: 7837863473206228777}
  m_LocalRotation: {x: 0, y: -0, z: -0, w: 1}
  m_LocalPosition: {x: -0, y: 0.00032084063, z: 0}
  m_LocalScale: {x: 1, y: 1, z: 1}
  m_Children: []
  m_Father: {fileID: 4492339831302041885}
  m_RootOrder: 0
  m_LocalEulerAnglesHint: {x: 0, y: 0, z: 0}
--- !u!1 &8214264342476082750
GameObject:
  m_ObjectHideFlags: 0
  m_CorrespondingSourceObject: {fileID: 0}
  m_PrefabInstance: {fileID: 0}
  m_PrefabAsset: {fileID: 0}
  serializedVersion: 6
  m_Component:
  - component: {fileID: 7141834849480927661}
  m_Layer: 0
  m_Name: Bone.005
  m_TagString: Untagged
  m_Icon: {fileID: 0}
  m_NavMeshLayer: 0
  m_StaticEditorFlags: 0
  m_IsActive: 1
--- !u!4 &7141834849480927661
Transform:
  m_ObjectHideFlags: 0
  m_CorrespondingSourceObject: {fileID: 0}
  m_PrefabInstance: {fileID: 0}
  m_PrefabAsset: {fileID: 0}
  m_GameObject: {fileID: 8214264342476082750}
  m_LocalRotation: {x: -0.03376698, y: -0.0002279857, z: 0.0012515862, w: 0.9994289}
  m_LocalPosition: {x: 0.00011900876, y: 0.002366577, z: 0.000068133246}
  m_LocalScale: {x: 1, y: 1.0000001, z: 1}
  m_Children:
  - {fileID: 7782020484943767416}
  m_Father: {fileID: 3595251302610515009}
  m_RootOrder: 2
  m_LocalEulerAnglesHint: {x: -3.870111, y: -0.031023577, z: 0.1445506}
--- !u!1 &8338334534578581933
GameObject:
  m_ObjectHideFlags: 0
  m_CorrespondingSourceObject: {fileID: 0}
  m_PrefabInstance: {fileID: 0}
  m_PrefabAsset: {fileID: 0}
  serializedVersion: 6
  m_Component:
  - component: {fileID: 6878122938707030818}
  m_Layer: 0
  m_Name: Bone.007
  m_TagString: Untagged
  m_Icon: {fileID: 0}
  m_NavMeshLayer: 0
  m_StaticEditorFlags: 0
  m_IsActive: 1
--- !u!4 &6878122938707030818
Transform:
  m_ObjectHideFlags: 0
  m_CorrespondingSourceObject: {fileID: 0}
  m_PrefabInstance: {fileID: 0}
  m_PrefabAsset: {fileID: 0}
  m_GameObject: {fileID: 8338334534578581933}
  m_LocalRotation: {x: -0.4499628, y: -0.0012487092, z: 0.0030874729, w: 0.89304113}
  m_LocalPosition: {x: -1.4901161e-10, y: 0.0008308044, z: -2.9802322e-10}
  m_LocalScale: {x: 1, y: 1.0000001, z: 1}
  m_Children:
  - {fileID: 726750166602489737}
  m_Father: {fileID: 7782020484943767416}
  m_RootOrder: 0
  m_LocalEulerAnglesHint: {x: -53.488743, y: -0.48227143, z: 0.6391351}
--- !u!1 &8659276645407228315
GameObject:
  m_ObjectHideFlags: 0
  m_CorrespondingSourceObject: {fileID: 0}
  m_PrefabInstance: {fileID: 0}
  m_PrefabAsset: {fileID: 0}
  serializedVersion: 6
  m_Component:
  - component: {fileID: 5041344188996017124}
  m_Layer: 0
  m_Name: Bone.014
  m_TagString: Untagged
  m_Icon: {fileID: 0}
  m_NavMeshLayer: 0
  m_StaticEditorFlags: 0
  m_IsActive: 1
--- !u!4 &5041344188996017124
Transform:
  m_ObjectHideFlags: 0
  m_CorrespondingSourceObject: {fileID: 0}
  m_PrefabInstance: {fileID: 0}
  m_PrefabAsset: {fileID: 0}
  m_GameObject: {fileID: 8659276645407228315}
  m_LocalRotation: {x: -0.43169382, y: -0.021781864, z: 0.04544187, w: 0.90061146}
  m_LocalPosition: {x: 2.9685907e-10, y: 0.00029166235, z: 0}
  m_LocalScale: {x: 1.0000001, y: 1, z: 1}
  m_Children:
  - {fileID: 9061844084207084523}
  m_Father: {fileID: 3510149525114835000}
  m_RootOrder: 0
  m_LocalEulerAnglesHint: {x: -50.871746, y: -7.1428266, z: 9.174221}
--- !u!1001 &6403056961203048908
PrefabInstance:
  m_ObjectHideFlags: 0
  serializedVersion: 2
  m_Modification:
    m_TransformParent: {fileID: 6403056961129993171}
    m_Modifications:
    - target: {fileID: 4630986140852965303, guid: 207b2af161165584e8507062133c7d06, type: 3}
      propertyPath: m_Name
      value: BoxVip
      objectReference: {fileID: 0}
    - target: {fileID: 4630986140852965303, guid: 207b2af161165584e8507062133c7d06, type: 3}
      propertyPath: m_IsActive
      value: 0
      objectReference: {fileID: 0}
    - target: {fileID: 5408614208620991757, guid: 207b2af161165584e8507062133c7d06, type: 3}
      propertyPath: m_RootOrder
      value: 1
      objectReference: {fileID: 0}
    - target: {fileID: 5408614208620991757, guid: 207b2af161165584e8507062133c7d06, type: 3}
      propertyPath: m_LocalPosition.x
      value: -0.4
      objectReference: {fileID: 0}
    - target: {fileID: 5408614208620991757, guid: 207b2af161165584e8507062133c7d06, type: 3}
      propertyPath: m_LocalPosition.y
      value: -0.51
      objectReference: {fileID: 0}
    - target: {fileID: 5408614208620991757, guid: 207b2af161165584e8507062133c7d06, type: 3}
      propertyPath: m_LocalPosition.z
      value: -0.38
      objectReference: {fileID: 0}
    - target: {fileID: 5408614208620991757, guid: 207b2af161165584e8507062133c7d06, type: 3}
      propertyPath: m_LocalRotation.w
      value: 0.9092499
      objectReference: {fileID: 0}
    - target: {fileID: 5408614208620991757, guid: 207b2af161165584e8507062133c7d06, type: 3}
      propertyPath: m_LocalRotation.x
      value: -0.19066203
      objectReference: {fileID: 0}
    - target: {fileID: 5408614208620991757, guid: 207b2af161165584e8507062133c7d06, type: 3}
      propertyPath: m_LocalRotation.y
      value: -0.30930007
      objectReference: {fileID: 0}
    - target: {fileID: 5408614208620991757, guid: 207b2af161165584e8507062133c7d06, type: 3}
      propertyPath: m_LocalRotation.z
      value: -0.20309143
      objectReference: {fileID: 0}
    - target: {fileID: 5408614208620991757, guid: 207b2af161165584e8507062133c7d06, type: 3}
      propertyPath: m_LocalEulerAnglesHint.x
      value: -28.187
      objectReference: {fileID: 0}
    - target: {fileID: 5408614208620991757, guid: 207b2af161165584e8507062133c7d06, type: 3}
      propertyPath: m_LocalEulerAnglesHint.y
      value: -33.386
      objectReference: {fileID: 0}
    - target: {fileID: 5408614208620991757, guid: 207b2af161165584e8507062133c7d06, type: 3}
      propertyPath: m_LocalEulerAnglesHint.z
      value: -16.571
      objectReference: {fileID: 0}
    m_RemovedComponents: []
  m_SourcePrefab: {fileID: 100100000, guid: 207b2af161165584e8507062133c7d06, type: 3}
--- !u!4 &1428621394587256001 stripped
Transform:
  m_CorrespondingSourceObject: {fileID: 5408614208620991757, guid: 207b2af161165584e8507062133c7d06, type: 3}
  m_PrefabInstance: {fileID: 6403056961203048908}
  m_PrefabAsset: {fileID: 0}
--- !u!1 &1772354720247438971 stripped
GameObject:
  m_CorrespondingSourceObject: {fileID: 4630986140852965303, guid: 207b2af161165584e8507062133c7d06, type: 3}
  m_PrefabInstance: {fileID: 6403056961203048908}
  m_PrefabAsset: {fileID: 0}
--- !u!1001 &6403056962126971778
PrefabInstance:
  m_ObjectHideFlags: 0
  serializedVersion: 2
  m_Modification:
    m_TransformParent: {fileID: 6403056961129993171}
    m_Modifications:
    - target: {fileID: 4911736623197350140, guid: 71c4b9c7e94324743b4658f4ff7573c4, type: 3}
      propertyPath: m_Name
      value: BoxNormal
      objectReference: {fileID: 0}
    - target: {fileID: 4911736623197350140, guid: 71c4b9c7e94324743b4658f4ff7573c4, type: 3}
      propertyPath: m_IsActive
      value: 0
      objectReference: {fileID: 0}
    - target: {fileID: 5720185895882338886, guid: 71c4b9c7e94324743b4658f4ff7573c4, type: 3}
      propertyPath: m_RootOrder
      value: 2
      objectReference: {fileID: 0}
    - target: {fileID: 5720185895882338886, guid: 71c4b9c7e94324743b4658f4ff7573c4, type: 3}
      propertyPath: m_LocalPosition.x
      value: -0.4
      objectReference: {fileID: 0}
    - target: {fileID: 5720185895882338886, guid: 71c4b9c7e94324743b4658f4ff7573c4, type: 3}
      propertyPath: m_LocalPosition.y
      value: -0.51
      objectReference: {fileID: 0}
    - target: {fileID: 5720185895882338886, guid: 71c4b9c7e94324743b4658f4ff7573c4, type: 3}
      propertyPath: m_LocalPosition.z
      value: -0.384
      objectReference: {fileID: 0}
    - target: {fileID: 5720185895882338886, guid: 71c4b9c7e94324743b4658f4ff7573c4, type: 3}
      propertyPath: m_LocalRotation.w
      value: 0.9092499
      objectReference: {fileID: 0}
    - target: {fileID: 5720185895882338886, guid: 71c4b9c7e94324743b4658f4ff7573c4, type: 3}
      propertyPath: m_LocalRotation.x
      value: -0.19066203
      objectReference: {fileID: 0}
    - target: {fileID: 5720185895882338886, guid: 71c4b9c7e94324743b4658f4ff7573c4, type: 3}
      propertyPath: m_LocalRotation.y
      value: -0.30930007
      objectReference: {fileID: 0}
    - target: {fileID: 5720185895882338886, guid: 71c4b9c7e94324743b4658f4ff7573c4, type: 3}
      propertyPath: m_LocalRotation.z
      value: -0.20309143
      objectReference: {fileID: 0}
    - target: {fileID: 5720185895882338886, guid: 71c4b9c7e94324743b4658f4ff7573c4, type: 3}
      propertyPath: m_LocalEulerAnglesHint.x
      value: -28.187
      objectReference: {fileID: 0}
    - target: {fileID: 5720185895882338886, guid: 71c4b9c7e94324743b4658f4ff7573c4, type: 3}
      propertyPath: m_LocalEulerAnglesHint.y
      value: -33.386
      objectReference: {fileID: 0}
    - target: {fileID: 5720185895882338886, guid: 71c4b9c7e94324743b4658f4ff7573c4, type: 3}
      propertyPath: m_LocalEulerAnglesHint.z
      value: -16.571
      objectReference: {fileID: 0}
    - target: {fileID: 7325279465440079405, guid: 71c4b9c7e94324743b4658f4ff7573c4, type: 3}
      propertyPath: m_Mesh
      value: 
      objectReference: {fileID: 4493585093827132993, guid: a0aacbc2b64c22f4893b1c4a690d2047, type: 3}
    - target: {fileID: 8704883407501082083, guid: 71c4b9c7e94324743b4658f4ff7573c4, type: 3}
      propertyPath: m_Mesh
      value: 
      objectReference: {fileID: 7506022949801504896, guid: a0aacbc2b64c22f4893b1c4a690d2047, type: 3}
    m_RemovedComponents: []
  m_SourcePrefab: {fileID: 100100000, guid: 71c4b9c7e94324743b4658f4ff7573c4, type: 3}
--- !u!4 &1710827595226919364 stripped
Transform:
  m_CorrespondingSourceObject: {fileID: 5720185895882338886, guid: 71c4b9c7e94324743b4658f4ff7573c4, type: 3}
  m_PrefabInstance: {fileID: 6403056962126971778}
  m_PrefabAsset: {fileID: 0}
--- !u!1 &2086789569849584510 stripped
GameObject:
  m_CorrespondingSourceObject: {fileID: 4911736623197350140, guid: 71c4b9c7e94324743b4658f4ff7573c4, type: 3}
  m_PrefabInstance: {fileID: 6403056962126971778}
  m_PrefabAsset: {fileID: 0}
--- !u!1001 &6403056962371822106
PrefabInstance:
  m_ObjectHideFlags: 0
  serializedVersion: 2
  m_Modification:
    m_TransformParent: {fileID: 6403056961129993171}
    m_Modifications:
    - target: {fileID: 4794150188778852397, guid: 172259a1a1fe51f4a8cff74df40627b7, type: 3}
      propertyPath: m_Name
      value: EmptyBox
      objectReference: {fileID: 0}
    - target: {fileID: 4794150188778852397, guid: 172259a1a1fe51f4a8cff74df40627b7, type: 3}
      propertyPath: m_IsActive
      value: 0
      objectReference: {fileID: 0}
    - target: {fileID: 5315354350296058519, guid: 172259a1a1fe51f4a8cff74df40627b7, type: 3}
      propertyPath: m_RootOrder
      value: 0
      objectReference: {fileID: 0}
    - target: {fileID: 5315354350296058519, guid: 172259a1a1fe51f4a8cff74df40627b7, type: 3}
      propertyPath: m_LocalPosition.x
      value: -0.32546884
      objectReference: {fileID: 0}
    - target: {fileID: 5315354350296058519, guid: 172259a1a1fe51f4a8cff74df40627b7, type: 3}
      propertyPath: m_LocalPosition.y
      value: -0.28039876
      objectReference: {fileID: 0}
    - target: {fileID: 5315354350296058519, guid: 172259a1a1fe51f4a8cff74df40627b7, type: 3}
      propertyPath: m_LocalPosition.z
      value: -0.38560528
      objectReference: {fileID: 0}
    - target: {fileID: 5315354350296058519, guid: 172259a1a1fe51f4a8cff74df40627b7, type: 3}
      propertyPath: m_LocalRotation.w
      value: 0.9025877
      objectReference: {fileID: 0}
    - target: {fileID: 5315354350296058519, guid: 172259a1a1fe51f4a8cff74df40627b7, type: 3}
      propertyPath: m_LocalRotation.x
      value: -0.22743852
      objectReference: {fileID: 0}
    - target: {fileID: 5315354350296058519, guid: 172259a1a1fe51f4a8cff74df40627b7, type: 3}
      propertyPath: m_LocalRotation.y
      value: -0.285566
      objectReference: {fileID: 0}
    - target: {fileID: 5315354350296058519, guid: 172259a1a1fe51f4a8cff74df40627b7, type: 3}
      propertyPath: m_LocalRotation.z
      value: -0.22816493
      objectReference: {fileID: 0}
    - target: {fileID: 5315354350296058519, guid: 172259a1a1fe51f4a8cff74df40627b7, type: 3}
      propertyPath: m_LocalEulerAnglesHint.x
      value: -32.744
      objectReference: {fileID: 0}
    - target: {fileID: 5315354350296058519, guid: 172259a1a1fe51f4a8cff74df40627b7, type: 3}
      propertyPath: m_LocalEulerAnglesHint.y
      value: -29.307
      objectReference: {fileID: 0}
    - target: {fileID: 5315354350296058519, guid: 172259a1a1fe51f4a8cff74df40627b7, type: 3}
      propertyPath: m_LocalEulerAnglesHint.z
      value: -19.588
      objectReference: {fileID: 0}
    m_RemovedComponents: []
  m_SourcePrefab: {fileID: 100100000, guid: 172259a1a1fe51f4a8cff74df40627b7, type: 3}
--- !u!4 &1233939015787014285 stripped
Transform:
  m_CorrespondingSourceObject: {fileID: 5315354350296058519, guid: 172259a1a1fe51f4a8cff74df40627b7, type: 3}
  m_PrefabInstance: {fileID: 6403056962371822106}
  m_PrefabAsset: {fileID: 0}
--- !u!1 &1897146101262889527 stripped
GameObject:
  m_CorrespondingSourceObject: {fileID: 4794150188778852397, guid: 172259a1a1fe51f4a8cff74df40627b7, type: 3}
  m_PrefabInstance: {fileID: 6403056962371822106}
  m_PrefabAsset: {fileID: 0}
