%YAML 1.1
%TAG !u! tag:unity3d.com,2011:
--- !u!1 &136203281453079796
GameObject:
  m_ObjectHideFlags: 0
  m_CorrespondingSourceObject: {fileID: 0}
  m_PrefabInstance: {fileID: 0}
  m_PrefabAsset: {fileID: 0}
  serializedVersion: 6
  m_Component:
  - component: {fileID: 7840210095530157426}
  m_Layer: 0
  m_Name: Bone.019_end
  m_TagString: Untagged
  m_Icon: {fileID: 0}
  m_NavMeshLayer: 0
  m_StaticEditorFlags: 0
  m_IsActive: 1
--- !u!4 &7840210095530157426
Transform:
  m_ObjectHideFlags: 0
  m_CorrespondingSourceObject: {fileID: 0}
  m_PrefabInstance: {fileID: 0}
  m_PrefabAsset: {fileID: 0}
  m_GameObject: {fileID: 136203281453079796}
  m_LocalRotation: {x: 0, y: -0, z: -0, w: 1}
  m_LocalPosition: {x: -0, y: 0.00046218655, z: 0}
  m_LocalScale: {x: 1, y: 1, z: 1}
  m_Children: []
  m_Father: {fileID: 5525494741176345509}
  m_RootOrder: 0
  m_LocalEulerAnglesHint: {x: 0, y: 0, z: 0}
--- !u!1 &318293581826753926
GameObject:
  m_ObjectHideFlags: 0
  m_CorrespondingSourceObject: {fileID: 0}
  m_PrefabInstance: {fileID: 0}
  m_PrefabAsset: {fileID: 0}
  serializedVersion: 6
  m_Component:
  - component: {fileID: 3251120566494528523}
  m_Layer: 0
  m_Name: Bone.020
  m_TagString: Untagged
  m_Icon: {fileID: 0}
  m_NavMeshLayer: 0
  m_StaticEditorFlags: 0
  m_IsActive: 1
--- !u!4 &3251120566494528523
Transform:
  m_ObjectHideFlags: 0
  m_CorrespondingSourceObject: {fileID: 0}
  m_PrefabInstance: {fileID: 0}
  m_PrefabAsset: {fileID: 0}
  m_GameObject: {fileID: 318293581826753926}
  m_LocalRotation: {x: -0.10402493, y: -0.013964358, z: -0.057129275, w: 0.9928344}
  m_LocalPosition: {x: -1.8626451e-11, y: 0.0064181243, z: 1.4901161e-10}
  m_LocalScale: {x: 0.99999994, y: 0.99999994, z: 1}
  m_Children:
  - {fileID: 629015891805079586}
  - {fileID: 2408077636113747939}
  - {fileID: 9216139553156585959}
  - {fileID: 6489075647610631971}
  - {fileID: 3191966409772654706}
  - {fileID: 1910335575521736031}
  m_Father: {fileID: 2267718958334185993}
  m_RootOrder: 0
  m_LocalEulerAnglesHint: {x: 0, y: 0, z: 0}
--- !u!1 &561832461625707000
GameObject:
  m_ObjectHideFlags: 0
  m_CorrespondingSourceObject: {fileID: 0}
  m_PrefabInstance: {fileID: 0}
  m_PrefabAsset: {fileID: 0}
  serializedVersion: 6
  m_Component:
  - component: {fileID: 1910335575521736031}
  m_Layer: 0
  m_Name: Bone.017
  m_TagString: Untagged
  m_Icon: {fileID: 0}
  m_NavMeshLayer: 0
  m_StaticEditorFlags: 0
  m_IsActive: 1
--- !u!4 &1910335575521736031
Transform:
  m_ObjectHideFlags: 0
  m_CorrespondingSourceObject: {fileID: 0}
  m_PrefabInstance: {fileID: 0}
  m_PrefabAsset: {fileID: 0}
  m_GameObject: {fileID: 561832461625707000}
  m_LocalRotation: {x: -0.22471967, y: 0.095224746, z: -0.3201556, w: 0.9153872}
  m_LocalPosition: {x: 0.0010673965, y: 0.001172475, z: -0.00012042813}
  m_LocalScale: {x: 1.0000001, y: 1.0000001, z: 1}
  m_Children:
  - {fileID: 3754826098174692328}
  m_Father: {fileID: 3251120566494528523}
  m_RootOrder: 5
  m_LocalEulerAnglesHint: {x: 0, y: 0, z: 0}
--- !u!1 &583697131029033527
GameObject:
  m_ObjectHideFlags: 0
  m_CorrespondingSourceObject: {fileID: 0}
  m_PrefabInstance: {fileID: 0}
  m_PrefabAsset: {fileID: 0}
  serializedVersion: 6
  m_Component:
  - component: {fileID: 2408077636113747939}
  m_Layer: 0
  m_Name: Bone.001
  m_TagString: Untagged
  m_Icon: {fileID: 0}
  m_NavMeshLayer: 0
  m_StaticEditorFlags: 0
  m_IsActive: 1
--- !u!4 &2408077636113747939
Transform:
  m_ObjectHideFlags: 0
  m_CorrespondingSourceObject: {fileID: 0}
  m_PrefabInstance: {fileID: 0}
  m_PrefabAsset: {fileID: 0}
  m_GameObject: {fileID: 583697131029033527}
  m_LocalRotation: {x: -0.027840732, y: 0.003435911, z: -0.021269998, w: 0.9993802}
  m_LocalPosition: {x: 0.0006895305, y: 0.0022468516, z: 0.000027467608}
  m_LocalScale: {x: 0.99999994, y: 0.99999994, z: 0.99999994}
  m_Children:
  - {fileID: 1030478296794180016}
  m_Father: {fileID: 3251120566494528523}
  m_RootOrder: 1
  m_LocalEulerAnglesHint: {x: 0, y: 0, z: 0}
--- !u!1 &629015891805079581
GameObject:
  m_ObjectHideFlags: 0
  m_CorrespondingSourceObject: {fileID: 0}
  m_PrefabInstance: {fileID: 0}
  m_PrefabAsset: {fileID: 0}
  serializedVersion: 6
  m_Component:
  - component: {fileID: 629015891805079586}
  - component: {fileID: 629015891805079584}
  - component: {fileID: 629015891805079587}
  m_Layer: 6
  m_Name: MonsterBall
  m_TagString: Untagged
  m_Icon: {fileID: 0}
  m_NavMeshLayer: 0
  m_StaticEditorFlags: 0
  m_IsActive: 1
--- !u!4 &629015891805079586
Transform:
  m_ObjectHideFlags: 0
  m_CorrespondingSourceObject: {fileID: 0}
  m_PrefabInstance: {fileID: 0}
  m_PrefabAsset: {fileID: 0}
  m_GameObject: {fileID: 629015891805079581}
  m_LocalRotation: {x: -0.20846768, y: -0.35192278, z: -0.36243352, w: 0.83745664}
  m_LocalPosition: {x: 0.000037, y: 0.002211, z: -0.000564}
  m_LocalScale: {x: 0.002, y: 0.002, z: 0.002}
  m_Children:
  - {fileID: 4717898841733509787}
  - {fileID: 4879077804908904401}
  - {fileID: 5177055297420518038}
  m_Father: {fileID: 3251120566494528523}
  m_RootOrder: 0
  m_LocalEulerAnglesHint: {x: 0, y: 0, z: 0}
--- !u!33 &629015891805079584
MeshFilter:
  m_ObjectHideFlags: 0
  m_CorrespondingSourceObject: {fileID: 0}
  m_PrefabInstance: {fileID: 0}
  m_PrefabAsset: {fileID: 0}
  m_GameObject: {fileID: 629015891805079581}
  m_Mesh: {fileID: 10207, guid: 0000000000000000e000000000000000, type: 0}
--- !u!23 &629015891805079587
MeshRenderer:
  m_ObjectHideFlags: 0
  m_CorrespondingSourceObject: {fileID: 0}
  m_PrefabInstance: {fileID: 0}
  m_PrefabAsset: {fileID: 0}
  m_GameObject: {fileID: 629015891805079581}
  m_Enabled: 0
  m_CastShadows: 0
  m_ReceiveShadows: 0
  m_DynamicOccludee: 1
  m_MotionVectors: 1
  m_LightProbeUsage: 1
  m_ReflectionProbeUsage: 1
  m_RayTracingMode: 2
  m_RayTraceProcedural: 0
  m_RenderingLayerMask: 1
  m_RendererPriority: 0
  m_Materials:
  - {fileID: 2100000, guid: 91c61a338a75ed14cac58961fb6831f0, type: 2}
  m_StaticBatchInfo:
    firstSubMesh: 0
    subMeshCount: 0
  m_StaticBatchRoot: {fileID: 0}
  m_ProbeAnchor: {fileID: 0}
  m_LightProbeVolumeOverride: {fileID: 0}
  m_ScaleInLightmap: 1
  m_ReceiveGI: 1
  m_PreserveUVs: 0
  m_IgnoreNormalsForChartDetection: 0
  m_ImportantGI: 0
  m_StitchLightmapSeams: 1
  m_SelectedEditorRenderState: 3
  m_MinimumChartSize: 4
  m_AutoUVMaxDistance: 0.5
  m_AutoUVMaxAngle: 89
  m_LightmapParameters: {fileID: 0}
  m_SortingLayerID: 0
  m_SortingLayer: 0
  m_SortingOrder: 0
  m_AdditionalVertexStreams: {fileID: 0}
--- !u!1 &1252537283596755053
GameObject:
  m_ObjectHideFlags: 0
  m_CorrespondingSourceObject: {fileID: 0}
  m_PrefabInstance: {fileID: 0}
  m_PrefabAsset: {fileID: 0}
  serializedVersion: 6
  m_Component:
  - component: {fileID: 3191966409772654706}
  m_Layer: 0
  m_Name: Bone.013
  m_TagString: Untagged
  m_Icon: {fileID: 0}
  m_NavMeshLayer: 0
  m_StaticEditorFlags: 0
  m_IsActive: 1
--- !u!4 &3191966409772654706
Transform:
  m_ObjectHideFlags: 0
  m_CorrespondingSourceObject: {fileID: 0}
  m_PrefabInstance: {fileID: 0}
  m_PrefabAsset: {fileID: 0}
  m_GameObject: {fileID: 1252537283596755053}
  m_LocalRotation: {x: 0.024128944, y: -0.0022401977, z: 0.087359026, w: 0.99588215}
  m_LocalPosition: {x: -0.00094292476, y: 0.0020538499, z: -0.00005275987}
  m_LocalScale: {x: 0.9999999, y: 0.99999994, z: 0.99999994}
  m_Children:
  - {fileID: 6416742406088420270}
  m_Father: {fileID: 3251120566494528523}
  m_RootOrder: 4
  m_LocalEulerAnglesHint: {x: 0, y: 0, z: 0}
--- !u!1 &1627821644175029348
GameObject:
  m_ObjectHideFlags: 0
  m_CorrespondingSourceObject: {fileID: 0}
  m_PrefabInstance: {fileID: 0}
  m_PrefabAsset: {fileID: 0}
  serializedVersion: 6
  m_Component:
  - component: {fileID: 2498747559487144279}
  m_Layer: 0
  m_Name: Bone.004
  m_TagString: Untagged
  m_Icon: {fileID: 0}
  m_NavMeshLayer: 0
  m_StaticEditorFlags: 0
  m_IsActive: 1
--- !u!4 &2498747559487144279
Transform:
  m_ObjectHideFlags: 0
  m_CorrespondingSourceObject: {fileID: 0}
  m_PrefabInstance: {fileID: 0}
  m_PrefabAsset: {fileID: 0}
  m_GameObject: {fileID: 1627821644175029348}
  m_LocalRotation: {x: -0.3131277, y: 0.00028691115, z: -0.0011842545, w: 0.94971025}
  m_LocalPosition: {x: -2.6077032e-10, y: 0.000577457, z: 0}
  m_LocalScale: {x: 1, y: 1, z: 1}
  m_Children:
  - {fileID: 3493509816213630378}
  m_Father: {fileID: 1204170310887600083}
  m_RootOrder: 0
  m_LocalEulerAnglesHint: {x: 0, y: 0, z: 0}
--- !u!1 &1807616526137975935
GameObject:
  m_ObjectHideFlags: 0
  m_CorrespondingSourceObject: {fileID: 0}
  m_PrefabInstance: {fileID: 0}
  m_PrefabAsset: {fileID: 0}
  serializedVersion: 6
  m_Component:
  - component: {fileID: 4490738155313166008}
  m_Layer: 0
  m_Name: Bone.016_end
  m_TagString: Untagged
  m_Icon: {fileID: 0}
  m_NavMeshLayer: 0
  m_StaticEditorFlags: 0
  m_IsActive: 1
--- !u!4 &4490738155313166008
Transform:
  m_ObjectHideFlags: 0
  m_CorrespondingSourceObject: {fileID: 0}
  m_PrefabInstance: {fileID: 0}
  m_PrefabAsset: {fileID: 0}
  m_GameObject: {fileID: 1807616526137975935}
  m_LocalRotation: {x: 0, y: -0, z: -0, w: 1}
  m_LocalPosition: {x: -0, y: 0.00021204632, z: 0}
  m_LocalScale: {x: 1, y: 1, z: 1}
  m_Children: []
  m_Father: {fileID: 2100114649743844761}
  m_RootOrder: 0
  m_LocalEulerAnglesHint: {x: 0, y: 0, z: 0}
--- !u!1 &2014014044322515893
GameObject:
  m_ObjectHideFlags: 0
  m_CorrespondingSourceObject: {fileID: 0}
  m_PrefabInstance: {fileID: 0}
  m_PrefabAsset: {fileID: 0}
  serializedVersion: 6
  m_Component:
  - component: {fileID: 2267718958334185993}
  m_Layer: 0
  m_Name: Bone
  m_TagString: Untagged
  m_Icon: {fileID: 0}
  m_NavMeshLayer: 0
  m_StaticEditorFlags: 0
  m_IsActive: 1
--- !u!4 &2267718958334185993
Transform:
  m_ObjectHideFlags: 0
  m_CorrespondingSourceObject: {fileID: 0}
  m_PrefabInstance: {fileID: 0}
  m_PrefabAsset: {fileID: 0}
  m_GameObject: {fileID: 2014014044322515893}
  m_LocalRotation: {x: 0.21985556, y: 0.85029656, z: 0.35253456, w: -0.32307696}
  m_LocalPosition: {x: 0.00018872251, y: 0, z: 0.00032082826}
  m_LocalScale: {x: 1, y: 0.99999994, z: 1}
  m_Children:
  - {fileID: 3251120566494528523}
  m_Father: {fileID: 4547787499883770213}
  m_RootOrder: 0
  m_LocalEulerAnglesHint: {x: 0, y: 0, z: 0}
--- !u!1 &2592295770388514433
GameObject:
  m_ObjectHideFlags: 0
  m_CorrespondingSourceObject: {fileID: 0}
  m_PrefabInstance: {fileID: 0}
  m_PrefabAsset: {fileID: 0}
  serializedVersion: 6
  m_Component:
  - component: {fileID: 6489075647610631971}
  m_Layer: 0
  m_Name: Bone.009
  m_TagString: Untagged
  m_Icon: {fileID: 0}
  m_NavMeshLayer: 0
  m_StaticEditorFlags: 0
  m_IsActive: 1
--- !u!4 &6489075647610631971
Transform:
  m_ObjectHideFlags: 0
  m_CorrespondingSourceObject: {fileID: 0}
  m_PrefabInstance: {fileID: 0}
  m_PrefabAsset: {fileID: 0}
  m_GameObject: {fileID: 2592295770388514433}
  m_LocalRotation: {x: -0.096426174, y: -0.0091428235, z: 0.08476758, w: 0.9916819}
  m_LocalPosition: {x: -0.00044478243, y: 0.0021636277, z: 0.000051384344}
  m_LocalScale: {x: 1, y: 1, z: 1}
  m_Children:
  - {fileID: 8320624636558091214}
  m_Father: {fileID: 3251120566494528523}
  m_RootOrder: 3
  m_LocalEulerAnglesHint: {x: 0, y: 0, z: 0}
--- !u!1 &2603771340893325441
GameObject:
  m_ObjectHideFlags: 0
  m_CorrespondingSourceObject: {fileID: 0}
  m_PrefabInstance: {fileID: 0}
  m_PrefabAsset: {fileID: 0}
  serializedVersion: 6
  m_Component:
  - component: {fileID: 1030478296794180016}
  m_Layer: 0
  m_Name: Bone.002
  m_TagString: Untagged
  m_Icon: {fileID: 0}
  m_NavMeshLayer: 0
  m_StaticEditorFlags: 0
  m_IsActive: 1
--- !u!4 &1030478296794180016
Transform:
  m_ObjectHideFlags: 0
  m_CorrespondingSourceObject: {fileID: 0}
  m_PrefabInstance: {fileID: 0}
  m_PrefabAsset: {fileID: 0}
  m_GameObject: {fileID: 2603771340893325441}
  m_LocalRotation: {x: -0.29474592, y: 0.014222721, z: -0.037555724, w: 0.95473146}
  m_LocalPosition: {x: 3.72529e-10, y: 0.0003180021, z: 3.72529e-10}
  m_LocalScale: {x: 1.0000001, y: 1.0000001, z: 1.0000001}
  m_Children:
  - {fileID: 1204170310887600083}
  m_Father: {fileID: 2408077636113747939}
  m_RootOrder: 0
  m_LocalEulerAnglesHint: {x: 0, y: 0, z: 0}
--- !u!1 &2703064607752190767
GameObject:
  m_ObjectHideFlags: 0
  m_CorrespondingSourceObject: {fileID: 0}
  m_PrefabInstance: {fileID: 0}
  m_PrefabAsset: {fileID: 0}
  serializedVersion: 6
  m_Component:
  - component: {fileID: 4547787499883770213}
  m_Layer: 0
  m_Name: Armature
  m_TagString: Untagged
  m_Icon: {fileID: 0}
  m_NavMeshLayer: 0
  m_StaticEditorFlags: 0
  m_IsActive: 1
--- !u!4 &4547787499883770213
Transform:
  m_ObjectHideFlags: 0
  m_CorrespondingSourceObject: {fileID: 0}
  m_PrefabInstance: {fileID: 0}
  m_PrefabAsset: {fileID: 0}
  m_GameObject: {fileID: 2703064607752190767}
  m_LocalRotation: {x: -0.7071068, y: 0, z: -0, w: 0.7071067}
  m_LocalPosition: {x: -0, y: 0, z: 0}
  m_LocalScale: {x: 100, y: 100, z: 100}
  m_Children:
  - {fileID: 2267718958334185993}
  m_Father: {fileID: 4876318608279691771}
  m_RootOrder: 0
  m_LocalEulerAnglesHint: {x: 0, y: 0, z: 0}
--- !u!1 &3065793561709027596
GameObject:
  m_ObjectHideFlags: 0
  m_CorrespondingSourceObject: {fileID: 0}
  m_PrefabInstance: {fileID: 0}
  m_PrefabAsset: {fileID: 0}
  serializedVersion: 6
  m_Component:
  - component: {fileID: 7005500687305986977}
  m_Layer: 0
  m_Name: Bone.015
  m_TagString: Untagged
  m_Icon: {fileID: 0}
  m_NavMeshLayer: 0
  m_StaticEditorFlags: 0
  m_IsActive: 1
--- !u!4 &7005500687305986977
Transform:
  m_ObjectHideFlags: 0
  m_CorrespondingSourceObject: {fileID: 0}
  m_PrefabInstance: {fileID: 0}
  m_PrefabAsset: {fileID: 0}
  m_GameObject: {fileID: 3065793561709027596}
  m_LocalRotation: {x: -0.5141754, y: 0.0032544185, z: -0.004200093, w: 0.8576686}
  m_LocalPosition: {x: 3.72529e-10, y: 0.0005471234, z: 9.778887e-10}
  m_LocalScale: {x: 1, y: 1, z: 0.99999994}
  m_Children:
  - {fileID: 2100114649743844761}
  m_Father: {fileID: 6416742406088420270}
  m_RootOrder: 0
  m_LocalEulerAnglesHint: {x: 0, y: 0, z: 0}
--- !u!1 &3928374113431186502
GameObject:
  m_ObjectHideFlags: 0
  m_CorrespondingSourceObject: {fileID: 0}
  m_PrefabInstance: {fileID: 0}
  m_PrefabAsset: {fileID: 0}
  serializedVersion: 6
  m_Component:
  - component: {fileID: 9210669434905247096}
  m_Layer: 0
  m_Name: Bone.011
  m_TagString: Untagged
  m_Icon: {fileID: 0}
  m_NavMeshLayer: 0
  m_StaticEditorFlags: 0
  m_IsActive: 1
--- !u!4 &9210669434905247096
Transform:
  m_ObjectHideFlags: 0
  m_CorrespondingSourceObject: {fileID: 0}
  m_PrefabInstance: {fileID: 0}
  m_PrefabAsset: {fileID: 0}
  m_GameObject: {fileID: 3928374113431186502}
  m_LocalRotation: {x: -0.4732149, y: 0.00033868875, z: -0.004089584, w: 0.8809375}
  m_LocalPosition: {x: 2.6077032e-10, y: 0.0007457274, z: 8.1956386e-10}
  m_LocalScale: {x: 1, y: 1.0000001, z: 1.0000001}
  m_Children:
  - {fileID: 4322731645355120092}
  m_Father: {fileID: 8320624636558091214}
  m_RootOrder: 0
  m_LocalEulerAnglesHint: {x: 0, y: 0, z: 0}
--- !u!1 &4013910793877481837
GameObject:
  m_ObjectHideFlags: 0
  m_CorrespondingSourceObject: {fileID: 0}
  m_PrefabInstance: {fileID: 0}
  m_PrefabAsset: {fileID: 0}
  serializedVersion: 6
  m_Component:
  - component: {fileID: 5525494741176345509}
  m_Layer: 0
  m_Name: Bone.019
  m_TagString: Untagged
  m_Icon: {fileID: 0}
  m_NavMeshLayer: 0
  m_StaticEditorFlags: 0
  m_IsActive: 1
--- !u!4 &5525494741176345509
Transform:
  m_ObjectHideFlags: 0
  m_CorrespondingSourceObject: {fileID: 0}
  m_PrefabInstance: {fileID: 0}
  m_PrefabAsset: {fileID: 0}
  m_GameObject: {fileID: 4013910793877481837}
  m_LocalRotation: {x: -0.070925355, y: 0.022647904, z: 0.12225276, w: 0.98970246}
  m_LocalPosition: {x: -7.4505804e-11, y: 0.0007211109, z: 3.72529e-10}
  m_LocalScale: {x: 0.9999999, y: 0.99999994, z: 0.99999994}
  m_Children:
  - {fileID: 7840210095530157426}
  m_Father: {fileID: 3754826098174692328}
  m_RootOrder: 0
  m_LocalEulerAnglesHint: {x: 0, y: 0, z: 0}
--- !u!1 &4058683897497147864
GameObject:
  m_ObjectHideFlags: 0
  m_CorrespondingSourceObject: {fileID: 0}
  m_PrefabInstance: {fileID: 0}
  m_PrefabAsset: {fileID: 0}
  serializedVersion: 6
  m_Component:
  - component: {fileID: 8576507951297156914}
  m_Layer: 0
  m_Name: Bone.006
  m_TagString: Untagged
  m_Icon: {fileID: 0}
  m_NavMeshLayer: 0
  m_StaticEditorFlags: 0
  m_IsActive: 1
--- !u!4 &8576507951297156914
Transform:
  m_ObjectHideFlags: 0
  m_CorrespondingSourceObject: {fileID: 0}
  m_PrefabInstance: {fileID: 0}
  m_PrefabAsset: {fileID: 0}
  m_GameObject: {fileID: 4058683897497147864}
  m_LocalRotation: {x: -0.41708744, y: 0.013451723, z: -0.029933894, w: 0.9082737}
  m_LocalPosition: {x: -5.9604643e-10, y: 0.0003359419, z: 7.4505804e-11}
  m_LocalScale: {x: 0.99999994, y: 1, z: 1.0000001}
  m_Children:
  - {fileID: 4868015928825774952}
  m_Father: {fileID: 9216139553156585959}
  m_RootOrder: 0
  m_LocalEulerAnglesHint: {x: 0, y: 0, z: 0}
--- !u!1 &4136067869271486451
GameObject:
  m_ObjectHideFlags: 0
  m_CorrespondingSourceObject: {fileID: 0}
  m_PrefabInstance: {fileID: 0}
  m_PrefabAsset: {fileID: 0}
  serializedVersion: 6
  m_Component:
  - component: {fileID: 8994835621691520561}
  m_Layer: 0
  m_Name: Bone.012_end
  m_TagString: Untagged
  m_Icon: {fileID: 0}
  m_NavMeshLayer: 0
  m_StaticEditorFlags: 0
  m_IsActive: 1
--- !u!4 &8994835621691520561
Transform:
  m_ObjectHideFlags: 0
  m_CorrespondingSourceObject: {fileID: 0}
  m_PrefabInstance: {fileID: 0}
  m_PrefabAsset: {fileID: 0}
  m_GameObject: {fileID: 4136067869271486451}
  m_LocalRotation: {x: 0, y: -0, z: -0, w: 1}
  m_LocalPosition: {x: -0, y: 0.00030249628, z: 0}
  m_LocalScale: {x: 1, y: 1, z: 1}
  m_Children: []
  m_Father: {fileID: 4322731645355120092}
  m_RootOrder: 0
  m_LocalEulerAnglesHint: {x: 0, y: 0, z: 0}
--- !u!1 &4918126749630722460
GameObject:
  m_ObjectHideFlags: 0
  m_CorrespondingSourceObject: {fileID: 0}
  m_PrefabInstance: {fileID: 0}
  m_PrefabAsset: {fileID: 0}
  serializedVersion: 6
  m_Component:
  - component: {fileID: 6279637922189901380}
  m_Layer: 0
  m_Name: Bone.008_end
  m_TagString: Untagged
  m_Icon: {fileID: 0}
  m_NavMeshLayer: 0
  m_StaticEditorFlags: 0
  m_IsActive: 1
--- !u!4 &6279637922189901380
Transform:
  m_ObjectHideFlags: 0
  m_CorrespondingSourceObject: {fileID: 0}
  m_PrefabInstance: {fileID: 0}
  m_PrefabAsset: {fileID: 0}
  m_GameObject: {fileID: 4918126749630722460}
  m_LocalRotation: {x: 0, y: -0, z: -0, w: 1}
  m_LocalPosition: {x: -0, y: 0.00029002834, z: 0}
  m_LocalScale: {x: 1, y: 1, z: 1}
  m_Children: []
  m_Father: {fileID: 1652616012468563907}
  m_RootOrder: 0
  m_LocalEulerAnglesHint: {x: 0, y: 0, z: 0}
--- !u!1 &5145479016973931734
GameObject:
  m_ObjectHideFlags: 0
  m_CorrespondingSourceObject: {fileID: 0}
  m_PrefabInstance: {fileID: 0}
  m_PrefabAsset: {fileID: 0}
  serializedVersion: 6
  m_Component:
  - component: {fileID: 3754826098174692328}
  m_Layer: 0
  m_Name: Bone.018
  m_TagString: Untagged
  m_Icon: {fileID: 0}
  m_NavMeshLayer: 0
  m_StaticEditorFlags: 0
  m_IsActive: 1
--- !u!4 &3754826098174692328
Transform:
  m_ObjectHideFlags: 0
  m_CorrespondingSourceObject: {fileID: 0}
  m_PrefabInstance: {fileID: 0}
  m_PrefabAsset: {fileID: 0}
  m_GameObject: {fileID: 5145479016973931734}
  m_LocalRotation: {x: -0.08475346, y: -0.0042389175, z: 0.42393214, w: 0.90170974}
  m_LocalPosition: {x: -2.9802322e-10, y: 0.0005062177, z: -1.862645e-10}
  m_LocalScale: {x: 1.0000001, y: 1.0000001, z: 0.99999994}
  m_Children:
  - {fileID: 5525494741176345509}
  m_Father: {fileID: 1910335575521736031}
  m_RootOrder: 0
  m_LocalEulerAnglesHint: {x: 0, y: 0, z: 0}
--- !u!1 &5253441666577283905
GameObject:
  m_ObjectHideFlags: 0
  m_CorrespondingSourceObject: {fileID: 0}
  m_PrefabInstance: {fileID: 0}
  m_PrefabAsset: {fileID: 0}
  serializedVersion: 6
  m_Component:
  - component: {fileID: 4876318608279691771}
  - component: {fileID: 5253441666577283910}
  - component: {fileID: 5253441666577283911}
  m_Layer: 0
  m_Name: HandNoel
  m_TagString: Untagged
  m_Icon: {fileID: 0}
  m_NavMeshLayer: 0
  m_StaticEditorFlags: 0
  m_IsActive: 1
--- !u!4 &4876318608279691771
Transform:
  m_ObjectHideFlags: 0
  m_CorrespondingSourceObject: {fileID: 0}
  m_PrefabInstance: {fileID: 0}
  m_PrefabAsset: {fileID: 0}
  m_GameObject: {fileID: 5253441666577283905}
  m_LocalRotation: {x: 0.13000077, y: -0.94756734, z: 0.13555025, w: 0.25853845}
  m_LocalPosition: {x: 0.685, y: -0.641, z: 0.846}
  m_LocalScale: {x: 1, y: 1, z: 1}
  m_Children:
  - {fileID: 4547787499883770213}
  - {fileID: 7651267990095024572}
  m_Father: {fileID: 0}
  m_RootOrder: 0
  m_LocalEulerAnglesHint: {x: 18.911, y: 208.729, z: -370.739}
--- !u!95 &5253441666577283910
Animator:
  serializedVersion: 3
  m_ObjectHideFlags: 0
  m_CorrespondingSourceObject: {fileID: 0}
  m_PrefabInstance: {fileID: 0}
  m_PrefabAsset: {fileID: 0}
  m_GameObject: {fileID: 5253441666577283905}
  m_Enabled: 1
  m_Avatar: {fileID: 0}
  m_Controller: {fileID: 9100000, guid: 8cc13a27fca767348aa593fdd30b2eb2, type: 2}
  m_CullingMode: 0
  m_UpdateMode: 2
  m_ApplyRootMotion: 0
  m_LinearVelocityBlending: 0
  m_WarningMessage: 
  m_HasTransformHierarchy: 1
  m_AllowConstantClipSamplingOptimization: 1
  m_KeepAnimatorControllerStateOnDisable: 0
--- !u!114 &5253441666577283911
MonoBehaviour:
  m_ObjectHideFlags: 0
  m_CorrespondingSourceObject: {fileID: 0}
  m_PrefabInstance: {fileID: 0}
  m_PrefabAsset: {fileID: 0}
  m_GameObject: {fileID: 5253441666577283905}
  m_Enabled: 1
  m_EditorHideFlags: 0
  m_Script: {fileID: 11500000, guid: 0f508cce4639b0249b76f7f4560a3268, type: 3}
  m_Name: 
  m_EditorClassIdentifier: 
  handType: 1
  handRenderer: {fileID: 6730929676307964156}
  player: {fileID: 0}
  monsterOnHand: {fileID: 0}
  newBall: {fileID: 0}
  monsterOnHandPrefab: {fileID: 327812659615480678, guid: 07df12fcd5c5bf84396e4ce325269471, type: 3}
  attackPos: {fileID: 629015891805079586}
  handAnimator: {fileID: 5253441666577283910}
  clipIdle1: {fileID: 7400000, guid: fed39f6c8d8c69a4aae61589ce9249c5, type: 2}
  clipHoldMons: {fileID: 7400000, guid: 28947b5b5fc14be4cbe759394be1e4c8, type: 2}
  clipLose: {fileID: 7400000, guid: 6b9fb7450cf1a26458c435733da8bb4c, type: 2}
  clipWin: {fileID: 7400000, guid: f81aa12862f52414e88ea8f8954adc49, type: 2}
  clipCatch2: {fileID: 7400000, guid: 6ca64de4cbd82424ca843af3777a63ed, type: 2}
  clipCatch1: {fileID: 7400000, guid: d26e65119b75aab478600124e8013166, type: 2}
  emptyBox: {fileID: 5346485982532266017}
  normalBox: {fileID: 5517834171537274924}
  vipBox: {fileID: 5259685143414973803}
--- !u!1 &5391077094647417144
GameObject:
  m_ObjectHideFlags: 0
  m_CorrespondingSourceObject: {fileID: 0}
  m_PrefabInstance: {fileID: 0}
  m_PrefabAsset: {fileID: 0}
  serializedVersion: 6
  m_Component:
  - component: {fileID: 2100114649743844761}
  m_Layer: 0
  m_Name: Bone.016
  m_TagString: Untagged
  m_Icon: {fileID: 0}
  m_NavMeshLayer: 0
  m_StaticEditorFlags: 0
  m_IsActive: 1
--- !u!4 &2100114649743844761
Transform:
  m_ObjectHideFlags: 0
  m_CorrespondingSourceObject: {fileID: 0}
  m_PrefabInstance: {fileID: 0}
  m_PrefabAsset: {fileID: 0}
  m_GameObject: {fileID: 5391077094647417144}
  m_LocalRotation: {x: -0.24118766, y: 0.0020957948, z: -0.0049541676, w: 0.97046363}
  m_LocalPosition: {x: -0, y: 0.00041513657, z: 7.45058e-10}
  m_LocalScale: {x: 1, y: 1, z: 1}
  m_Children:
  - {fileID: 4490738155313166008}
  m_Father: {fileID: 7005500687305986977}
  m_RootOrder: 0
  m_LocalEulerAnglesHint: {x: 0, y: 0, z: 0}
--- !u!1 &5924840403664751226
GameObject:
  m_ObjectHideFlags: 0
  m_CorrespondingSourceObject: {fileID: 0}
  m_PrefabInstance: {fileID: 0}
  m_PrefabAsset: {fileID: 0}
  serializedVersion: 6
  m_Component:
  - component: {fileID: 8320624636558091214}
  m_Layer: 0
  m_Name: Bone.010
  m_TagString: Untagged
  m_Icon: {fileID: 0}
  m_NavMeshLayer: 0
  m_StaticEditorFlags: 0
  m_IsActive: 1
--- !u!4 &8320624636558091214
Transform:
  m_ObjectHideFlags: 0
  m_CorrespondingSourceObject: {fileID: 0}
  m_PrefabInstance: {fileID: 0}
  m_PrefabAsset: {fileID: 0}
  m_GameObject: {fileID: 5924840403664751226}
  m_LocalRotation: {x: -0.35431606, y: 0.022871949, z: -0.037200443, w: 0.9341056}
  m_LocalPosition: {x: -3.352761e-10, y: 0.00033002748, z: -1.4901161e-10}
  m_LocalScale: {x: 1, y: 1, z: 1}
  m_Children:
  - {fileID: 9210669434905247096}
  m_Father: {fileID: 6489075647610631971}
  m_RootOrder: 0
  m_LocalEulerAnglesHint: {x: 0, y: 0, z: 0}
--- !u!1 &7264663360255701457
GameObject:
  m_ObjectHideFlags: 0
  m_CorrespondingSourceObject: {fileID: 0}
  m_PrefabInstance: {fileID: 0}
  m_PrefabAsset: {fileID: 0}
  serializedVersion: 6
  m_Component:
  - component: {fileID: 6416742406088420270}
  m_Layer: 0
  m_Name: Bone.014
  m_TagString: Untagged
  m_Icon: {fileID: 0}
  m_NavMeshLayer: 0
  m_StaticEditorFlags: 0
  m_IsActive: 1
--- !u!4 &6416742406088420270
Transform:
  m_ObjectHideFlags: 0
  m_CorrespondingSourceObject: {fileID: 0}
  m_PrefabInstance: {fileID: 0}
  m_PrefabAsset: {fileID: 0}
  m_GameObject: {fileID: 7264663360255701457}
  m_LocalRotation: {x: -0.43169388, y: -0.021781895, z: 0.045441907, w: 0.90061146}
  m_LocalPosition: {x: -6.0535965e-11, y: 0.0002916622, z: 5.2154064e-10}
  m_LocalScale: {x: 1, y: 1, z: 1}
  m_Children:
  - {fileID: 7005500687305986977}
  m_Father: {fileID: 3191966409772654706}
  m_RootOrder: 0
  m_LocalEulerAnglesHint: {x: 0, y: 0, z: 0}
--- !u!1 &7397270485306269958
GameObject:
  m_ObjectHideFlags: 0
  m_CorrespondingSourceObject: {fileID: 0}
  m_PrefabInstance: {fileID: 0}
  m_PrefabAsset: {fileID: 0}
  serializedVersion: 6
  m_Component:
  - component: {fileID: 7651267990095024572}
  - component: {fileID: 6730929676307964156}
  m_Layer: 0
  m_Name: Cylinder.002
  m_TagString: Untagged
  m_Icon: {fileID: 0}
  m_NavMeshLayer: 0
  m_StaticEditorFlags: 0
  m_IsActive: 1
--- !u!4 &7651267990095024572
Transform:
  m_ObjectHideFlags: 0
  m_CorrespondingSourceObject: {fileID: 0}
  m_PrefabInstance: {fileID: 0}
  m_PrefabAsset: {fileID: 0}
  m_GameObject: {fileID: 7397270485306269958}
  m_LocalRotation: {x: 0, y: -0, z: -0, w: 1}
  m_LocalPosition: {x: -0, y: 0, z: 0}
  m_LocalScale: {x: 1, y: 1, z: 1}
  m_Children: []
  m_Father: {fileID: 4876318608279691771}
  m_RootOrder: 1
  m_LocalEulerAnglesHint: {x: 0, y: 0, z: 0}
--- !u!137 &6730929676307964156
SkinnedMeshRenderer:
  m_ObjectHideFlags: 0
  m_CorrespondingSourceObject: {fileID: 0}
  m_PrefabInstance: {fileID: 0}
  m_PrefabAsset: {fileID: 0}
  m_GameObject: {fileID: 7397270485306269958}
  m_Enabled: 1
  m_CastShadows: 1
  m_ReceiveShadows: 1
  m_DynamicOccludee: 1
  m_MotionVectors: 1
  m_LightProbeUsage: 1
  m_ReflectionProbeUsage: 1
  m_RayTracingMode: 3
  m_RayTraceProcedural: 0
  m_RenderingLayerMask: 1
  m_RendererPriority: 0
  m_Materials:
  - {fileID: 2100000, guid: dd1e53e9d8708c040b7e0fedd49edee7, type: 2}
  m_StaticBatchInfo:
    firstSubMesh: 0
    subMeshCount: 0
  m_StaticBatchRoot: {fileID: 0}
  m_ProbeAnchor: {fileID: 0}
  m_LightProbeVolumeOverride: {fileID: 0}
  m_ScaleInLightmap: 1
  m_ReceiveGI: 1
  m_PreserveUVs: 0
  m_IgnoreNormalsForChartDetection: 0
  m_ImportantGI: 0
  m_StitchLightmapSeams: 1
  m_SelectedEditorRenderState: 3
  m_MinimumChartSize: 4
  m_AutoUVMaxDistance: 0.5
  m_AutoUVMaxAngle: 89
  m_LightmapParameters: {fileID: 0}
  m_SortingLayerID: 0
  m_SortingLayer: 0
  m_SortingOrder: 0
  serializedVersion: 2
  m_Quality: 0
  m_UpdateWhenOffscreen: 0
  m_SkinnedMotionVectors: 1
  m_Mesh: {fileID: 8691780276856062721, guid: 615393dfcaf482b4cb5149f9169e4397, type: 3}
  m_Bones:
  - {fileID: 2267718958334185993}
  - {fileID: 3251120566494528523}
  - {fileID: 2408077636113747939}
  - {fileID: 1030478296794180016}
  - {fileID: 1204170310887600083}
  - {fileID: 2498747559487144279}
  - {fileID: 9216139553156585959}
  - {fileID: 8576507951297156914}
  - {fileID: 4868015928825774952}
  - {fileID: 1652616012468563907}
  - {fileID: 6489075647610631971}
  - {fileID: 8320624636558091214}
  - {fileID: 9210669434905247096}
  - {fileID: 4322731645355120092}
  - {fileID: 3191966409772654706}
  - {fileID: 6416742406088420270}
  - {fileID: 7005500687305986977}
  - {fileID: 2100114649743844761}
  - {fileID: 1910335575521736031}
  - {fileID: 3754826098174692328}
  - {fileID: 5525494741176345509}
  m_BlendShapeWeights: []
  m_RootBone: {fileID: 2267718958334185993}
  m_AABB:
    m_Center: {x: 0.0005520317, y: 0.004998765, z: -0.0007492126}
    m_Extent: {x: 0.00205279, y: 0.0053306418, z: 0.0019071881}
  m_DirtyAABB: 0
--- !u!1 &7855481762442542708
GameObject:
  m_ObjectHideFlags: 0
  m_CorrespondingSourceObject: {fileID: 0}
  m_PrefabInstance: {fileID: 0}
  m_PrefabAsset: {fileID: 0}
  serializedVersion: 6
  m_Component:
  - component: {fileID: 9216139553156585959}
  m_Layer: 0
  m_Name: Bone.005
  m_TagString: Untagged
  m_Icon: {fileID: 0}
  m_NavMeshLayer: 0
  m_StaticEditorFlags: 0
  m_IsActive: 1
--- !u!4 &9216139553156585959
Transform:
  m_ObjectHideFlags: 0
  m_CorrespondingSourceObject: {fileID: 0}
  m_PrefabInstance: {fileID: 0}
  m_PrefabAsset: {fileID: 0}
  m_GameObject: {fileID: 7855481762442542708}
  m_LocalRotation: {x: -0.01819245, y: 0.0006191872, z: 0.027030952, w: 0.99946886}
  m_LocalPosition: {x: 0.000091922055, y: 0.0022123514, z: 0.000061909035}
  m_LocalScale: {x: 0.99999994, y: 1, z: 1}
  m_Children:
  - {fileID: 8576507951297156914}
  m_Father: {fileID: 3251120566494528523}
  m_RootOrder: 2
  m_LocalEulerAnglesHint: {x: 0, y: 0, z: 0}
--- !u!1 &8020099463922975207
GameObject:
  m_ObjectHideFlags: 0
  m_CorrespondingSourceObject: {fileID: 0}
  m_PrefabInstance: {fileID: 0}
  m_PrefabAsset: {fileID: 0}
  serializedVersion: 6
  m_Component:
  - component: {fileID: 4868015928825774952}
  m_Layer: 0
  m_Name: Bone.007
  m_TagString: Untagged
  m_Icon: {fileID: 0}
  m_NavMeshLayer: 0
  m_StaticEditorFlags: 0
  m_IsActive: 1
--- !u!4 &4868015928825774952
Transform:
  m_ObjectHideFlags: 0
  m_CorrespondingSourceObject: {fileID: 0}
  m_PrefabInstance: {fileID: 0}
  m_PrefabAsset: {fileID: 0}
  m_GameObject: {fileID: 8020099463922975207}
  m_LocalRotation: {x: -0.44818175, y: 0.003424987, z: -0.006455754, w: 0.8939126}
  m_LocalPosition: {x: -4.842877e-10, y: 0.0008970162, z: -1.4901161e-10}
  m_LocalScale: {x: 0.99999994, y: 1.0000001, z: 1.0000002}
  m_Children:
  - {fileID: 1652616012468563907}
  m_Father: {fileID: 8576507951297156914}
  m_RootOrder: 0
  m_LocalEulerAnglesHint: {x: 0, y: 0, z: 0}
--- !u!1 &8088189647579301731
GameObject:
  m_ObjectHideFlags: 0
  m_CorrespondingSourceObject: {fileID: 0}
  m_PrefabInstance: {fileID: 0}
  m_PrefabAsset: {fileID: 0}
  serializedVersion: 6
  m_Component:
  - component: {fileID: 3493509816213630378}
  m_Layer: 0
  m_Name: Bone.004_end
  m_TagString: Untagged
  m_Icon: {fileID: 0}
  m_NavMeshLayer: 0
  m_StaticEditorFlags: 0
  m_IsActive: 1
--- !u!4 &3493509816213630378
Transform:
  m_ObjectHideFlags: 0
  m_CorrespondingSourceObject: {fileID: 0}
  m_PrefabInstance: {fileID: 0}
  m_PrefabAsset: {fileID: 0}
  m_GameObject: {fileID: 8088189647579301731}
  m_LocalRotation: {x: 0, y: -0, z: -0, w: 1}
  m_LocalPosition: {x: -0, y: 0.00032084063, z: 0}
  m_LocalScale: {x: 1, y: 1, z: 1}
  m_Children: []
  m_Father: {fileID: 2498747559487144279}
  m_RootOrder: 0
  m_LocalEulerAnglesHint: {x: 0, y: 0, z: 0}
--- !u!1 &8455255114964767948
GameObject:
  m_ObjectHideFlags: 0
  m_CorrespondingSourceObject: {fileID: 0}
  m_PrefabInstance: {fileID: 0}
  m_PrefabAsset: {fileID: 0}
  serializedVersion: 6
  m_Component:
  - component: {fileID: 1652616012468563907}
  m_Layer: 0
  m_Name: Bone.008
  m_TagString: Untagged
  m_Icon: {fileID: 0}
  m_NavMeshLayer: 0
  m_StaticEditorFlags: 0
  m_IsActive: 1
--- !u!4 &1652616012468563907
Transform:
  m_ObjectHideFlags: 0
  m_CorrespondingSourceObject: {fileID: 0}
  m_PrefabInstance: {fileID: 0}
  m_PrefabAsset: {fileID: 0}
  m_GameObject: {fileID: 8455255114964767948}
  m_LocalRotation: {x: -0.28906646, y: -0.0042805094, z: 0.012336403, w: 0.95721996}
  m_LocalPosition: {x: 3.352761e-10, y: 0.0006927809, z: 7.45058e-10}
  m_LocalScale: {x: 0.9999999, y: 1, z: 1}
  m_Children:
  - {fileID: 6279637922189901380}
  m_Father: {fileID: 4868015928825774952}
  m_RootOrder: 0
  m_LocalEulerAnglesHint: {x: 0, y: 0, z: 0}
--- !u!1 &8681295305266949554
GameObject:
  m_ObjectHideFlags: 0
  m_CorrespondingSourceObject: {fileID: 0}
  m_PrefabInstance: {fileID: 0}
  m_PrefabAsset: {fileID: 0}
  serializedVersion: 6
  m_Component:
  - component: {fileID: 4322731645355120092}
  m_Layer: 0
  m_Name: Bone.012
  m_TagString: Untagged
  m_Icon: {fileID: 0}
  m_NavMeshLayer: 0
  m_StaticEditorFlags: 0
  m_IsActive: 1
--- !u!4 &4322731645355120092
Transform:
  m_ObjectHideFlags: 0
  m_CorrespondingSourceObject: {fileID: 0}
  m_PrefabInstance: {fileID: 0}
  m_PrefabAsset: {fileID: 0}
  m_GameObject: {fileID: 8681295305266949554}
  m_LocalRotation: {x: -0.28857616, y: -0.0027185215, z: 0.006999591, w: 0.9574275}
  m_LocalPosition: {x: -4.0978193e-10, y: 0.00051375694, z: -1.4901161e-10}
  m_LocalScale: {x: 1, y: 1.0000001, z: 1.0000001}
  m_Children:
  - {fileID: 8994835621691520561}
  m_Father: {fileID: 9210669434905247096}
  m_RootOrder: 0
  m_LocalEulerAnglesHint: {x: 0, y: 0, z: 0}
--- !u!1 &9051814768075988709
GameObject:
  m_ObjectHideFlags: 0
  m_CorrespondingSourceObject: {fileID: 0}
  m_PrefabInstance: {fileID: 0}
  m_PrefabAsset: {fileID: 0}
  serializedVersion: 6
  m_Component:
  - component: {fileID: 1204170310887600083}
  m_Layer: 0
  m_Name: Bone.003
  m_TagString: Untagged
  m_Icon: {fileID: 0}
  m_NavMeshLayer: 0
  m_StaticEditorFlags: 0
  m_IsActive: 1
--- !u!4 &1204170310887600083
Transform:
  m_ObjectHideFlags: 0
  m_CorrespondingSourceObject: {fileID: 0}
  m_PrefabInstance: {fileID: 0}
  m_PrefabAsset: {fileID: 0}
  m_GameObject: {fileID: 9051814768075988709}
  m_LocalRotation: {x: -0.4607268, y: -0.0023521432, z: 0.003557177, w: 0.8875318}
  m_LocalPosition: {x: 9.313225e-11, y: 0.00067193917, z: -5.2154064e-10}
  m_LocalScale: {x: 0.9999999, y: 1, z: 1}
  m_Children:
  - {fileID: 2498747559487144279}
  m_Father: {fileID: 1030478296794180016}
  m_RootOrder: 0
  m_LocalEulerAnglesHint: {x: 0, y: 0, z: 0}
--- !u!1001 &629015890435373068
PrefabInstance:
  m_ObjectHideFlags: 0
  serializedVersion: 2
  m_Modification:
    m_TransformParent: {fileID: 629015891805079586}
    m_Modifications:
    - target: {fileID: 4794150188778852397, guid: 172259a1a1fe51f4a8cff74df40627b7, type: 3}
      propertyPath: m_Name
      value: EmptyBox
      objectReference: {fileID: 0}
    - target: {fileID: 4794150188778852397, guid: 172259a1a1fe51f4a8cff74df40627b7, type: 3}
      propertyPath: m_IsActive
      value: 0
      objectReference: {fileID: 0}
    - target: {fileID: 5315354350296058519, guid: 172259a1a1fe51f4a8cff74df40627b7, type: 3}
      propertyPath: m_RootOrder
      value: 0
      objectReference: {fileID: 0}
    - target: {fileID: 5315354350296058519, guid: 172259a1a1fe51f4a8cff74df40627b7, type: 3}
      propertyPath: m_LocalPosition.x
      value: -0.32546884
      objectReference: {fileID: 0}
    - target: {fileID: 5315354350296058519, guid: 172259a1a1fe51f4a8cff74df40627b7, type: 3}
      propertyPath: m_LocalPosition.y
      value: -0.28039876
      objectReference: {fileID: 0}
    - target: {fileID: 5315354350296058519, guid: 172259a1a1fe51f4a8cff74df40627b7, type: 3}
      propertyPath: m_LocalPosition.z
      value: -0.38560528
      objectReference: {fileID: 0}
    - target: {fileID: 5315354350296058519, guid: 172259a1a1fe51f4a8cff74df40627b7, type: 3}
      propertyPath: m_LocalRotation.w
      value: 0.9025877
      objectReference: {fileID: 0}
    - target: {fileID: 5315354350296058519, guid: 172259a1a1fe51f4a8cff74df40627b7, type: 3}
      propertyPath: m_LocalRotation.x
      value: -0.22743852
      objectReference: {fileID: 0}
    - target: {fileID: 5315354350296058519, guid: 172259a1a1fe51f4a8cff74df40627b7, type: 3}
      propertyPath: m_LocalRotation.y
      value: -0.285566
      objectReference: {fileID: 0}
    - target: {fileID: 5315354350296058519, guid: 172259a1a1fe51f4a8cff74df40627b7, type: 3}
      propertyPath: m_LocalRotation.z
      value: -0.22816493
      objectReference: {fileID: 0}
    - target: {fileID: 5315354350296058519, guid: 172259a1a1fe51f4a8cff74df40627b7, type: 3}
      propertyPath: m_LocalEulerAnglesHint.x
      value: -32.744
      objectReference: {fileID: 0}
    - target: {fileID: 5315354350296058519, guid: 172259a1a1fe51f4a8cff74df40627b7, type: 3}
      propertyPath: m_LocalEulerAnglesHint.y
      value: -29.307
      objectReference: {fileID: 0}
    - target: {fileID: 5315354350296058519, guid: 172259a1a1fe51f4a8cff74df40627b7, type: 3}
      propertyPath: m_LocalEulerAnglesHint.z
      value: -19.588
      objectReference: {fileID: 0}
    m_RemovedComponents: []
  m_SourcePrefab: {fileID: 100100000, guid: 172259a1a1fe51f4a8cff74df40627b7, type: 3}
--- !u!4 &4717898841733509787 stripped
Transform:
  m_CorrespondingSourceObject: {fileID: 5315354350296058519, guid: 172259a1a1fe51f4a8cff74df40627b7, type: 3}
  m_PrefabInstance: {fileID: 629015890435373068}
  m_PrefabAsset: {fileID: 0}
--- !u!1 &5346485982532266017 stripped
GameObject:
  m_CorrespondingSourceObject: {fileID: 4794150188778852397, guid: 172259a1a1fe51f4a8cff74df40627b7, type: 3}
  m_PrefabInstance: {fileID: 629015890435373068}
  m_PrefabAsset: {fileID: 0}
--- !u!1001 &629015890761509596
PrefabInstance:
  m_ObjectHideFlags: 0
  serializedVersion: 2
  m_Modification:
    m_TransformParent: {fileID: 629015891805079586}
    m_Modifications:
    - target: {fileID: 4630986140852965303, guid: 207b2af161165584e8507062133c7d06, type: 3}
      propertyPath: m_Name
      value: BoxVip
      objectReference: {fileID: 0}
    - target: {fileID: 4630986140852965303, guid: 207b2af161165584e8507062133c7d06, type: 3}
      propertyPath: m_IsActive
      value: 0
      objectReference: {fileID: 0}
    - target: {fileID: 5408614208620991757, guid: 207b2af161165584e8507062133c7d06, type: 3}
      propertyPath: m_RootOrder
      value: 1
      objectReference: {fileID: 0}
    - target: {fileID: 5408614208620991757, guid: 207b2af161165584e8507062133c7d06, type: 3}
      propertyPath: m_LocalPosition.x
      value: -0.4
      objectReference: {fileID: 0}
    - target: {fileID: 5408614208620991757, guid: 207b2af161165584e8507062133c7d06, type: 3}
      propertyPath: m_LocalPosition.y
      value: -0.51
      objectReference: {fileID: 0}
    - target: {fileID: 5408614208620991757, guid: 207b2af161165584e8507062133c7d06, type: 3}
      propertyPath: m_LocalPosition.z
      value: -0.38
      objectReference: {fileID: 0}
    - target: {fileID: 5408614208620991757, guid: 207b2af161165584e8507062133c7d06, type: 3}
      propertyPath: m_LocalRotation.w
      value: 0.9092499
      objectReference: {fileID: 0}
    - target: {fileID: 5408614208620991757, guid: 207b2af161165584e8507062133c7d06, type: 3}
      propertyPath: m_LocalRotation.x
      value: -0.19066203
      objectReference: {fileID: 0}
    - target: {fileID: 5408614208620991757, guid: 207b2af161165584e8507062133c7d06, type: 3}
      propertyPath: m_LocalRotation.y
      value: -0.30930007
      objectReference: {fileID: 0}
    - target: {fileID: 5408614208620991757, guid: 207b2af161165584e8507062133c7d06, type: 3}
      propertyPath: m_LocalRotation.z
      value: -0.20309143
      objectReference: {fileID: 0}
    - target: {fileID: 5408614208620991757, guid: 207b2af161165584e8507062133c7d06, type: 3}
      propertyPath: m_LocalEulerAnglesHint.x
      value: -28.187
      objectReference: {fileID: 0}
    - target: {fileID: 5408614208620991757, guid: 207b2af161165584e8507062133c7d06, type: 3}
      propertyPath: m_LocalEulerAnglesHint.y
      value: -33.386
      objectReference: {fileID: 0}
    - target: {fileID: 5408614208620991757, guid: 207b2af161165584e8507062133c7d06, type: 3}
      propertyPath: m_LocalEulerAnglesHint.z
      value: -16.571
      objectReference: {fileID: 0}
    m_RemovedComponents: []
  m_SourcePrefab: {fileID: 100100000, guid: 207b2af161165584e8507062133c7d06, type: 3}
--- !u!1 &5259685143414973803 stripped
GameObject:
  m_CorrespondingSourceObject: {fileID: 4630986140852965303, guid: 207b2af161165584e8507062133c7d06, type: 3}
  m_PrefabInstance: {fileID: 629015890761509596}
  m_PrefabAsset: {fileID: 0}
--- !u!4 &4879077804908904401 stripped
Transform:
  m_CorrespondingSourceObject: {fileID: 5408614208620991757, guid: 207b2af161165584e8507062133c7d06, type: 3}
  m_PrefabInstance: {fileID: 629015890761509596}
  m_PrefabAsset: {fileID: 0}
--- !u!1001 &629015891250106576
PrefabInstance:
  m_ObjectHideFlags: 0
  serializedVersion: 2
  m_Modification:
    m_TransformParent: {fileID: 629015891805079586}
    m_Modifications:
    - target: {fileID: 4911736623197350140, guid: 71c4b9c7e94324743b4658f4ff7573c4, type: 3}
      propertyPath: m_Name
      value: BoxNormal
      objectReference: {fileID: 0}
    - target: {fileID: 4911736623197350140, guid: 71c4b9c7e94324743b4658f4ff7573c4, type: 3}
      propertyPath: m_IsActive
      value: 0
      objectReference: {fileID: 0}
    - target: {fileID: 5720185895882338886, guid: 71c4b9c7e94324743b4658f4ff7573c4, type: 3}
      propertyPath: m_RootOrder
      value: 2
      objectReference: {fileID: 0}
    - target: {fileID: 5720185895882338886, guid: 71c4b9c7e94324743b4658f4ff7573c4, type: 3}
      propertyPath: m_LocalPosition.x
      value: -0.4
      objectReference: {fileID: 0}
    - target: {fileID: 5720185895882338886, guid: 71c4b9c7e94324743b4658f4ff7573c4, type: 3}
      propertyPath: m_LocalPosition.y
      value: -0.51
      objectReference: {fileID: 0}
    - target: {fileID: 5720185895882338886, guid: 71c4b9c7e94324743b4658f4ff7573c4, type: 3}
      propertyPath: m_LocalPosition.z
      value: -0.384
      objectReference: {fileID: 0}
    - target: {fileID: 5720185895882338886, guid: 71c4b9c7e94324743b4658f4ff7573c4, type: 3}
      propertyPath: m_LocalRotation.w
      value: 0.9092499
      objectReference: {fileID: 0}
    - target: {fileID: 5720185895882338886, guid: 71c4b9c7e94324743b4658f4ff7573c4, type: 3}
      propertyPath: m_LocalRotation.x
      value: -0.19066203
      objectReference: {fileID: 0}
    - target: {fileID: 5720185895882338886, guid: 71c4b9c7e94324743b4658f4ff7573c4, type: 3}
      propertyPath: m_LocalRotation.y
      value: -0.30930007
      objectReference: {fileID: 0}
    - target: {fileID: 5720185895882338886, guid: 71c4b9c7e94324743b4658f4ff7573c4, type: 3}
      propertyPath: m_LocalRotation.z
      value: -0.20309143
      objectReference: {fileID: 0}
    - target: {fileID: 5720185895882338886, guid: 71c4b9c7e94324743b4658f4ff7573c4, type: 3}
      propertyPath: m_LocalEulerAnglesHint.x
      value: -28.187
      objectReference: {fileID: 0}
    - target: {fileID: 5720185895882338886, guid: 71c4b9c7e94324743b4658f4ff7573c4, type: 3}
      propertyPath: m_LocalEulerAnglesHint.y
      value: -33.386
      objectReference: {fileID: 0}
    - target: {fileID: 5720185895882338886, guid: 71c4b9c7e94324743b4658f4ff7573c4, type: 3}
      propertyPath: m_LocalEulerAnglesHint.z
      value: -16.571
      objectReference: {fileID: 0}
    - target: {fileID: 7325279465440079405, guid: 71c4b9c7e94324743b4658f4ff7573c4, type: 3}
      propertyPath: m_Mesh
      value: 
      objectReference: {fileID: 4493585093827132993, guid: a0aacbc2b64c22f4893b1c4a690d2047, type: 3}
    - target: {fileID: 8704883407501082083, guid: 71c4b9c7e94324743b4658f4ff7573c4, type: 3}
      propertyPath: m_Mesh
      value: 
      objectReference: {fileID: 7506022949801504896, guid: a0aacbc2b64c22f4893b1c4a690d2047, type: 3}
    m_RemovedComponents: []
  m_SourcePrefab: {fileID: 100100000, guid: 71c4b9c7e94324743b4658f4ff7573c4, type: 3}
--- !u!1 &5517834171537274924 stripped
GameObject:
  m_CorrespondingSourceObject: {fileID: 4911736623197350140, guid: 71c4b9c7e94324743b4658f4ff7573c4, type: 3}
  m_PrefabInstance: {fileID: 629015891250106576}
  m_PrefabAsset: {fileID: 0}
--- !u!4 &5177055297420518038 stripped
Transform:
  m_CorrespondingSourceObject: {fileID: 5720185895882338886, guid: 71c4b9c7e94324743b4658f4ff7573c4, type: 3}
  m_PrefabInstance: {fileID: 629015891250106576}
  m_PrefabAsset: {fileID: 0}
