%YAML 1.1
%TAG !u! tag:unity3d.com,2011:
--- !u!1 &379510950070502627
GameObject:
  m_ObjectHideFlags: 0
  m_CorrespondingSourceObject: {fileID: 0}
  m_PrefabInstance: {fileID: 0}
  m_PrefabAsset: {fileID: 0}
  serializedVersion: 6
  m_Component:
  - component: {fileID: 1594617732890118971}
  m_Layer: 0
  m_Name: Bone.008_end
  m_TagString: Untagged
  m_Icon: {fileID: 0}
  m_NavMeshLayer: 0
  m_StaticEditorFlags: 0
  m_IsActive: 1
--- !u!4 &1594617732890118971
Transform:
  m_ObjectHideFlags: 0
  m_CorrespondingSourceObject: {fileID: 0}
  m_PrefabInstance: {fileID: 0}
  m_PrefabAsset: {fileID: 0}
  m_GameObject: {fileID: 379510950070502627}
  m_LocalRotation: {x: 0, y: -0, z: -0, w: 1}
  m_LocalPosition: {x: -0, y: 0.00032999826, z: 0}
  m_LocalScale: {x: 1, y: 1, z: 1}
  m_Children: []
  m_Father: {fileID: 6335364608463248060}
  m_RootOrder: 0
  m_LocalEulerAnglesHint: {x: 0, y: 0, z: 0}
--- !u!1 &462904209741849001
GameObject:
  m_ObjectHideFlags: 0
  m_CorrespondingSourceObject: {fileID: 0}
  m_PrefabInstance: {fileID: 0}
  m_PrefabAsset: {fileID: 0}
  serializedVersion: 6
  m_Component:
  - component: {fileID: 8439512035210215063}
  m_Layer: 0
  m_Name: Bone.018
  m_TagString: Untagged
  m_Icon: {fileID: 0}
  m_NavMeshLayer: 0
  m_StaticEditorFlags: 0
  m_IsActive: 1
--- !u!4 &8439512035210215063
Transform:
  m_ObjectHideFlags: 0
  m_CorrespondingSourceObject: {fileID: 0}
  m_PrefabInstance: {fileID: 0}
  m_PrefabAsset: {fileID: 0}
  m_GameObject: {fileID: 462904209741849001}
  m_LocalRotation: {x: -0.08680699, y: -0.0066152397, z: 0.45938382, w: 0.88396114}
  m_LocalPosition: {x: -1.6298145e-10, y: 0.0006089615, z: -4.377216e-10}
  m_LocalScale: {x: 1, y: 1, z: 1}
  m_Children:
  - {fileID: 984732764712326874}
  m_Father: {fileID: 6594986328814026784}
  m_RootOrder: 0
  m_LocalEulerAnglesHint: {x: 0, y: 0, z: 0}
--- !u!1 &712413539042856510
GameObject:
  m_ObjectHideFlags: 0
  m_CorrespondingSourceObject: {fileID: 0}
  m_PrefabInstance: {fileID: 0}
  m_PrefabAsset: {fileID: 0}
  serializedVersion: 6
  m_Component:
  - component: {fileID: 191632757622068356}
  - component: {fileID: 712413539042856508}
  - component: {fileID: 712413539042856509}
  m_Layer: 0
  m_Name: HandNinja
  m_TagString: Untagged
  m_Icon: {fileID: 0}
  m_NavMeshLayer: 0
  m_StaticEditorFlags: 0
  m_IsActive: 1
--- !u!4 &191632757622068356
Transform:
  m_ObjectHideFlags: 0
  m_CorrespondingSourceObject: {fileID: 0}
  m_PrefabInstance: {fileID: 0}
  m_PrefabAsset: {fileID: 0}
  m_GameObject: {fileID: 712413539042856510}
  m_LocalRotation: {x: 0.13000077, y: -0.94756734, z: 0.13555025, w: 0.25853845}
  m_LocalPosition: {x: 0.685, y: -0.64100003, z: 0.846}
  m_LocalScale: {x: 1, y: 1, z: 1}
  m_Children:
  - {fileID: 9086018470483559450}
  - {fileID: 7760081236412303503}
  m_Father: {fileID: 0}
  m_RootOrder: 0
  m_LocalEulerAnglesHint: {x: 18.911, y: 208.729, z: -370.739}
--- !u!95 &712413539042856508
Animator:
  serializedVersion: 3
  m_ObjectHideFlags: 0
  m_CorrespondingSourceObject: {fileID: 0}
  m_PrefabInstance: {fileID: 0}
  m_PrefabAsset: {fileID: 0}
  m_GameObject: {fileID: 712413539042856510}
  m_Enabled: 1
  m_Avatar: {fileID: 0}
  m_Controller: {fileID: 9100000, guid: 6b6c34cc536bc4d43b99c0cebf7b75d2, type: 2}
  m_CullingMode: 0
  m_UpdateMode: 2
  m_ApplyRootMotion: 0
  m_LinearVelocityBlending: 0
  m_WarningMessage: 
  m_HasTransformHierarchy: 1
  m_AllowConstantClipSamplingOptimization: 1
  m_KeepAnimatorControllerStateOnDisable: 0
--- !u!114 &712413539042856509
MonoBehaviour:
  m_ObjectHideFlags: 0
  m_CorrespondingSourceObject: {fileID: 0}
  m_PrefabInstance: {fileID: 0}
  m_PrefabAsset: {fileID: 0}
  m_GameObject: {fileID: 712413539042856510}
  m_Enabled: 1
  m_EditorHideFlags: 0
  m_Script: {fileID: 11500000, guid: 0f508cce4639b0249b76f7f4560a3268, type: 3}
  m_Name: 
  m_EditorClassIdentifier: 
  handType: 3
  handRenderer: {fileID: 427528574273975479}
  player: {fileID: 0}
  monsterOnHand: {fileID: 0}
  newBall: {fileID: 0}
  monsterOnHandPrefab: {fileID: 327812659615480678, guid: 07df12fcd5c5bf84396e4ce325269471, type: 3}
  attackPos: {fileID: 1542002075243363167}
  handAnimator: {fileID: 712413539042856508}
  clipIdle1: {fileID: 7400000, guid: 1cd85fd9be89ce8499dfc28127583b44, type: 2}
  clipHoldMons: {fileID: 7400000, guid: d4b3a01d2a33439408907b46c6c173aa, type: 2}
  clipLose: {fileID: 7400000, guid: 11679b5fee6a2b741af782af76218c7f, type: 2}
  clipWin: {fileID: 7400000, guid: 1ee7b313ef35f1543b742235c6ac1bbd, type: 2}
  clipCatch2: {fileID: 7400000, guid: cbe520e5a7a14d64abfb4cb1ef33ad57, type: 2}
  clipCatch1: {fileID: 7400000, guid: 95f8bafbc108ec94cb982197e947c731, type: 2}
  emptyBox: {fileID: 6336129842882565985}
  normalBox: {fileID: 5859100483605726001}
  vipBox: {fileID: 6134707450176464779}
--- !u!1 &852320555753503815
GameObject:
  m_ObjectHideFlags: 0
  m_CorrespondingSourceObject: {fileID: 0}
  m_PrefabInstance: {fileID: 0}
  m_PrefabAsset: {fileID: 0}
  serializedVersion: 6
  m_Component:
  - component: {fileID: 6638836020749291750}
  m_Layer: 0
  m_Name: Bone.016
  m_TagString: Untagged
  m_Icon: {fileID: 0}
  m_NavMeshLayer: 0
  m_StaticEditorFlags: 0
  m_IsActive: 1
--- !u!4 &6638836020749291750
Transform:
  m_ObjectHideFlags: 0
  m_CorrespondingSourceObject: {fileID: 0}
  m_PrefabInstance: {fileID: 0}
  m_PrefabAsset: {fileID: 0}
  m_GameObject: {fileID: 852320555753503815}
  m_LocalRotation: {x: -0.24118766, y: 0.0020956898, z: -0.004953778, w: 0.97046363}
  m_LocalPosition: {x: 2.2351741e-10, y: 0.00041513666, z: 1.4901161e-10}
  m_LocalScale: {x: 1, y: 1, z: 1.0000001}
  m_Children:
  - {fileID: 9175723074182235079}
  m_Father: {fileID: 2322855513519810270}
  m_RootOrder: 0
  m_LocalEulerAnglesHint: {x: 0, y: 0, z: 0}
--- !u!1 &1386470963320127237
GameObject:
  m_ObjectHideFlags: 0
  m_CorrespondingSourceObject: {fileID: 0}
  m_PrefabInstance: {fileID: 0}
  m_PrefabAsset: {fileID: 0}
  serializedVersion: 6
  m_Component:
  - component: {fileID: 3637840940974970545}
  m_Layer: 0
  m_Name: Bone.010
  m_TagString: Untagged
  m_Icon: {fileID: 0}
  m_NavMeshLayer: 0
  m_StaticEditorFlags: 0
  m_IsActive: 1
--- !u!4 &3637840940974970545
Transform:
  m_ObjectHideFlags: 0
  m_CorrespondingSourceObject: {fileID: 0}
  m_PrefabInstance: {fileID: 0}
  m_PrefabAsset: {fileID: 0}
  m_GameObject: {fileID: 1386470963320127237}
  m_LocalRotation: {x: -0.3613742, y: 0.019627683, z: -0.03044499, w: 0.931717}
  m_LocalPosition: {x: -6.705522e-10, y: 0.00034444273, z: 0}
  m_LocalScale: {x: 1, y: 0.99999994, z: 1}
  m_Children:
  - {fileID: 4527848288825903111}
  m_Father: {fileID: 1948135462744818268}
  m_RootOrder: 0
  m_LocalEulerAnglesHint: {x: 0, y: 0, z: 0}
--- !u!1 &1542002075243363152
GameObject:
  m_ObjectHideFlags: 0
  m_CorrespondingSourceObject: {fileID: 0}
  m_PrefabInstance: {fileID: 0}
  m_PrefabAsset: {fileID: 0}
  serializedVersion: 6
  m_Component:
  - component: {fileID: 1542002075243363167}
  - component: {fileID: 1542002075243363165}
  - component: {fileID: 1542002075243363166}
  m_Layer: 6
  m_Name: MonsterBall
  m_TagString: Untagged
  m_Icon: {fileID: 0}
  m_NavMeshLayer: 0
  m_StaticEditorFlags: 0
  m_IsActive: 1
--- !u!4 &1542002075243363167
Transform:
  m_ObjectHideFlags: 0
  m_CorrespondingSourceObject: {fileID: 0}
  m_PrefabInstance: {fileID: 0}
  m_PrefabAsset: {fileID: 0}
  m_GameObject: {fileID: 1542002075243363152}
  m_LocalRotation: {x: -0.20846766, y: -0.35192275, z: -0.3624335, w: 0.83745664}
  m_LocalPosition: {x: 0.00003699714, y: 0.0022110008, z: -0.00056400103}
  m_LocalScale: {x: 0.002, y: 0.002, z: 0.0020000003}
  m_Children:
  - {fileID: 6675922518872952283}
  - {fileID: 6802981085283466545}
  - {fileID: 6486419814009264523}
  m_Father: {fileID: 7789738497968484724}
  m_RootOrder: 0
  m_LocalEulerAnglesHint: {x: 0, y: 0, z: 0}
--- !u!33 &1542002075243363165
MeshFilter:
  m_ObjectHideFlags: 0
  m_CorrespondingSourceObject: {fileID: 0}
  m_PrefabInstance: {fileID: 0}
  m_PrefabAsset: {fileID: 0}
  m_GameObject: {fileID: 1542002075243363152}
  m_Mesh: {fileID: 10207, guid: 0000000000000000e000000000000000, type: 0}
--- !u!23 &1542002075243363166
MeshRenderer:
  m_ObjectHideFlags: 0
  m_CorrespondingSourceObject: {fileID: 0}
  m_PrefabInstance: {fileID: 0}
  m_PrefabAsset: {fileID: 0}
  m_GameObject: {fileID: 1542002075243363152}
  m_Enabled: 0
  m_CastShadows: 0
  m_ReceiveShadows: 0
  m_DynamicOccludee: 1
  m_MotionVectors: 1
  m_LightProbeUsage: 1
  m_ReflectionProbeUsage: 1
  m_RayTracingMode: 2
  m_RayTraceProcedural: 0
  m_RenderingLayerMask: 1
  m_RendererPriority: 0
  m_Materials:
  - {fileID: 2100000, guid: 91c61a338a75ed14cac58961fb6831f0, type: 2}
  m_StaticBatchInfo:
    firstSubMesh: 0
    subMeshCount: 0
  m_StaticBatchRoot: {fileID: 0}
  m_ProbeAnchor: {fileID: 0}
  m_LightProbeVolumeOverride: {fileID: 0}
  m_ScaleInLightmap: 1
  m_ReceiveGI: 1
  m_PreserveUVs: 0
  m_IgnoreNormalsForChartDetection: 0
  m_ImportantGI: 0
  m_StitchLightmapSeams: 1
  m_SelectedEditorRenderState: 3
  m_MinimumChartSize: 4
  m_AutoUVMaxDistance: 0.5
  m_AutoUVMaxAngle: 89
  m_LightmapParameters: {fileID: 0}
  m_SortingLayerID: 0
  m_SortingLayer: 0
  m_SortingOrder: 0
  m_AdditionalVertexStreams: {fileID: 0}
--- !u!1 &1869025878201114398
GameObject:
  m_ObjectHideFlags: 0
  m_CorrespondingSourceObject: {fileID: 0}
  m_PrefabInstance: {fileID: 0}
  m_PrefabAsset: {fileID: 0}
  serializedVersion: 6
  m_Component:
  - component: {fileID: 7760081236412303503}
  - component: {fileID: 427528574273975479}
  m_Layer: 0
  m_Name: Cube.003
  m_TagString: Untagged
  m_Icon: {fileID: 0}
  m_NavMeshLayer: 0
  m_StaticEditorFlags: 0
  m_IsActive: 1
--- !u!4 &7760081236412303503
Transform:
  m_ObjectHideFlags: 0
  m_CorrespondingSourceObject: {fileID: 0}
  m_PrefabInstance: {fileID: 0}
  m_PrefabAsset: {fileID: 0}
  m_GameObject: {fileID: 1869025878201114398}
  m_LocalRotation: {x: -0.069176145, y: 0.003371645, z: 0.027729215, w: 0.9972133}
  m_LocalPosition: {x: -0, y: -1.6543612e-24, z: 4.135903e-25}
  m_LocalScale: {x: 0.08931324, y: 0.039163746, z: 0.0040176054}
  m_Children: []
  m_Father: {fileID: 191632757622068356}
  m_RootOrder: 1
  m_LocalEulerAnglesHint: {x: 0, y: 0, z: 0}
--- !u!137 &427528574273975479
SkinnedMeshRenderer:
  m_ObjectHideFlags: 0
  m_CorrespondingSourceObject: {fileID: 0}
  m_PrefabInstance: {fileID: 0}
  m_PrefabAsset: {fileID: 0}
  m_GameObject: {fileID: 1869025878201114398}
  m_Enabled: 1
  m_CastShadows: 1
  m_ReceiveShadows: 1
  m_DynamicOccludee: 1
  m_MotionVectors: 1
  m_LightProbeUsage: 1
  m_ReflectionProbeUsage: 1
  m_RayTracingMode: 3
  m_RayTraceProcedural: 0
  m_RenderingLayerMask: 1
  m_RendererPriority: 0
  m_Materials:
  - {fileID: -2651564060515766811, guid: c515e39e98679a24986c9e67c224bed3, type: 3}
  m_StaticBatchInfo:
    firstSubMesh: 0
    subMeshCount: 0
  m_StaticBatchRoot: {fileID: 0}
  m_ProbeAnchor: {fileID: 0}
  m_LightProbeVolumeOverride: {fileID: 0}
  m_ScaleInLightmap: 1
  m_ReceiveGI: 1
  m_PreserveUVs: 0
  m_IgnoreNormalsForChartDetection: 0
  m_ImportantGI: 0
  m_StitchLightmapSeams: 1
  m_SelectedEditorRenderState: 3
  m_MinimumChartSize: 4
  m_AutoUVMaxDistance: 0.5
  m_AutoUVMaxAngle: 89
  m_LightmapParameters: {fileID: 0}
  m_SortingLayerID: 0
  m_SortingLayer: 0
  m_SortingOrder: 0
  serializedVersion: 2
  m_Quality: 0
  m_UpdateWhenOffscreen: 0
  m_SkinnedMotionVectors: 1
  m_Mesh: {fileID: -8678823145569952518, guid: c515e39e98679a24986c9e67c224bed3, type: 3}
  m_Bones:
  - {fileID: 6808448037160658806}
  - {fileID: 7789738497968484724}
  - {fileID: 6948997959003962012}
  - {fileID: 5712824405507022031}
  - {fileID: 5887026662251551404}
  - {fileID: 7181460888004342824}
  - {fileID: 4531385464587054232}
  - {fileID: 3891419594550043213}
  - {fileID: 183050786511369751}
  - {fileID: 6335364608463248060}
  - {fileID: 1948135462744818268}
  - {fileID: 3637840940974970545}
  - {fileID: 4527848288825903111}
  - {fileID: 8861277075743203491}
  - {fileID: 7874787506426565901}
  - {fileID: 1731669459691822801}
  - {fileID: 2322855513519810270}
  - {fileID: 6638836020749291750}
  - {fileID: 6594986328814026784}
  - {fileID: 8439512035210215063}
  - {fileID: 984732764712326874}
  m_BlendShapeWeights: []
  m_RootBone: {fileID: 6808448037160658806}
  m_AABB:
    m_Center: {x: 0.0005446528, y: 0.004864624, z: -0.0007104658}
    m_Extent: {x: 0.0018555825, y: 0.0051907515, z: 0.0015968493}
  m_DirtyAABB: 0
--- !u!1 &2726293903904933038
GameObject:
  m_ObjectHideFlags: 0
  m_CorrespondingSourceObject: {fileID: 0}
  m_PrefabInstance: {fileID: 0}
  m_PrefabAsset: {fileID: 0}
  serializedVersion: 6
  m_Component:
  - component: {fileID: 1731669459691822801}
  m_Layer: 0
  m_Name: Bone.014
  m_TagString: Untagged
  m_Icon: {fileID: 0}
  m_NavMeshLayer: 0
  m_StaticEditorFlags: 0
  m_IsActive: 1
--- !u!4 &1731669459691822801
Transform:
  m_ObjectHideFlags: 0
  m_CorrespondingSourceObject: {fileID: 0}
  m_PrefabInstance: {fileID: 0}
  m_PrefabAsset: {fileID: 0}
  m_GameObject: {fileID: 2726293903904933038}
  m_LocalRotation: {x: -0.43169382, y: -0.021781871, z: 0.045441907, w: 0.9006115}
  m_LocalPosition: {x: -9.685754e-10, y: 0.00029166206, z: -1.4901161e-10}
  m_LocalScale: {x: 1.0000001, y: 1, z: 1.0000001}
  m_Children:
  - {fileID: 2322855513519810270}
  m_Father: {fileID: 7874787506426565901}
  m_RootOrder: 0
  m_LocalEulerAnglesHint: {x: 0, y: 0, z: 0}
--- !u!1 &3170743047071025931
GameObject:
  m_ObjectHideFlags: 0
  m_CorrespondingSourceObject: {fileID: 0}
  m_PrefabInstance: {fileID: 0}
  m_PrefabAsset: {fileID: 0}
  serializedVersion: 6
  m_Component:
  - component: {fileID: 4531385464587054232}
  m_Layer: 0
  m_Name: Bone.005
  m_TagString: Untagged
  m_Icon: {fileID: 0}
  m_NavMeshLayer: 0
  m_StaticEditorFlags: 0
  m_IsActive: 1
--- !u!4 &4531385464587054232
Transform:
  m_ObjectHideFlags: 0
  m_CorrespondingSourceObject: {fileID: 0}
  m_PrefabInstance: {fileID: 0}
  m_PrefabAsset: {fileID: 0}
  m_GameObject: {fileID: 3170743047071025931}
  m_LocalRotation: {x: -0.011728331, y: 0.00067963934, z: 0.02073624, w: 0.999716}
  m_LocalPosition: {x: 0.00011207055, y: 0.0022117754, z: 0.00006188623}
  m_LocalScale: {x: 1, y: 1, z: 1}
  m_Children:
  - {fileID: 3891419594550043213}
  m_Father: {fileID: 7789738497968484724}
  m_RootOrder: 2
  m_LocalEulerAnglesHint: {x: 0, y: 0, z: 0}
--- !u!1 &3335448727835456664
GameObject:
  m_ObjectHideFlags: 0
  m_CorrespondingSourceObject: {fileID: 0}
  m_PrefabInstance: {fileID: 0}
  m_PrefabAsset: {fileID: 0}
  serializedVersion: 6
  m_Component:
  - component: {fileID: 183050786511369751}
  m_Layer: 0
  m_Name: Bone.007
  m_TagString: Untagged
  m_Icon: {fileID: 0}
  m_NavMeshLayer: 0
  m_StaticEditorFlags: 0
  m_IsActive: 1
--- !u!4 &183050786511369751
Transform:
  m_ObjectHideFlags: 0
  m_CorrespondingSourceObject: {fileID: 0}
  m_PrefabInstance: {fileID: 0}
  m_PrefabAsset: {fileID: 0}
  m_GameObject: {fileID: 3335448727835456664}
  m_LocalRotation: {x: -0.43144682, y: 0.0043544397, z: -0.00820437, w: 0.9020906}
  m_LocalPosition: {x: -2.9802322e-10, y: 0.0007372297, z: -4.4703483e-10}
  m_LocalScale: {x: 0.99999994, y: 1, z: 1}
  m_Children:
  - {fileID: 6335364608463248060}
  m_Father: {fileID: 3891419594550043213}
  m_RootOrder: 0
  m_LocalEulerAnglesHint: {x: 0, y: 0, z: 0}
--- !u!1 &3547706946422567452
GameObject:
  m_ObjectHideFlags: 0
  m_CorrespondingSourceObject: {fileID: 0}
  m_PrefabInstance: {fileID: 0}
  m_PrefabAsset: {fileID: 0}
  serializedVersion: 6
  m_Component:
  - component: {fileID: 8178406774681360597}
  m_Layer: 0
  m_Name: Bone.004_end
  m_TagString: Untagged
  m_Icon: {fileID: 0}
  m_NavMeshLayer: 0
  m_StaticEditorFlags: 0
  m_IsActive: 1
--- !u!4 &8178406774681360597
Transform:
  m_ObjectHideFlags: 0
  m_CorrespondingSourceObject: {fileID: 0}
  m_PrefabInstance: {fileID: 0}
  m_PrefabAsset: {fileID: 0}
  m_GameObject: {fileID: 3547706946422567452}
  m_LocalRotation: {x: 0, y: -0, z: -0, w: 1}
  m_LocalPosition: {x: -0, y: 0.00032084063, z: 0}
  m_LocalScale: {x: 1, y: 1, z: 1}
  m_Children: []
  m_Father: {fileID: 7181460888004342824}
  m_RootOrder: 0
  m_LocalEulerAnglesHint: {x: 0, y: 0, z: 0}
--- !u!1 &3770604363240743347
GameObject:
  m_ObjectHideFlags: 0
  m_CorrespondingSourceObject: {fileID: 0}
  m_PrefabInstance: {fileID: 0}
  m_PrefabAsset: {fileID: 0}
  serializedVersion: 6
  m_Component:
  - component: {fileID: 6335364608463248060}
  m_Layer: 0
  m_Name: Bone.008
  m_TagString: Untagged
  m_Icon: {fileID: 0}
  m_NavMeshLayer: 0
  m_StaticEditorFlags: 0
  m_IsActive: 1
--- !u!4 &6335364608463248060
Transform:
  m_ObjectHideFlags: 0
  m_CorrespondingSourceObject: {fileID: 0}
  m_PrefabInstance: {fileID: 0}
  m_PrefabAsset: {fileID: 0}
  m_GameObject: {fileID: 3770604363240743347}
  m_LocalRotation: {x: -0.28625342, y: -0.0036479065, z: 0.01081792, w: 0.95808595}
  m_LocalPosition: {x: -4.4703483e-10, y: 0.000752749, z: 2.9802322e-10}
  m_LocalScale: {x: 0.99999994, y: 1.0000001, z: 0.99999994}
  m_Children:
  - {fileID: 1594617732890118971}
  m_Father: {fileID: 183050786511369751}
  m_RootOrder: 0
  m_LocalEulerAnglesHint: {x: 0, y: 0, z: 0}
--- !u!1 &4142978641991882957
GameObject:
  m_ObjectHideFlags: 0
  m_CorrespondingSourceObject: {fileID: 0}
  m_PrefabInstance: {fileID: 0}
  m_PrefabAsset: {fileID: 0}
  serializedVersion: 6
  m_Component:
  - component: {fileID: 8861277075743203491}
  m_Layer: 0
  m_Name: Bone.012
  m_TagString: Untagged
  m_Icon: {fileID: 0}
  m_NavMeshLayer: 0
  m_StaticEditorFlags: 0
  m_IsActive: 1
--- !u!4 &8861277075743203491
Transform:
  m_ObjectHideFlags: 0
  m_CorrespondingSourceObject: {fileID: 0}
  m_PrefabInstance: {fileID: 0}
  m_PrefabAsset: {fileID: 0}
  m_GameObject: {fileID: 4142978641991882957}
  m_LocalRotation: {x: -0.29086268, y: -0.0034075067, z: 0.009347829, w: 0.9567131}
  m_LocalPosition: {x: 3.352761e-10, y: 0.000538695, z: -1.4901161e-10}
  m_LocalScale: {x: 0.99999994, y: 0.99999994, z: 0.9999999}
  m_Children:
  - {fileID: 4454317717372322638}
  m_Father: {fileID: 4527848288825903111}
  m_RootOrder: 0
  m_LocalEulerAnglesHint: {x: 0, y: 0, z: 0}
--- !u!1 &4366935386552462234
GameObject:
  m_ObjectHideFlags: 0
  m_CorrespondingSourceObject: {fileID: 0}
  m_PrefabInstance: {fileID: 0}
  m_PrefabAsset: {fileID: 0}
  serializedVersion: 6
  m_Component:
  - component: {fileID: 5887026662251551404}
  m_Layer: 0
  m_Name: Bone.003
  m_TagString: Untagged
  m_Icon: {fileID: 0}
  m_NavMeshLayer: 0
  m_StaticEditorFlags: 0
  m_IsActive: 1
--- !u!4 &5887026662251551404
Transform:
  m_ObjectHideFlags: 0
  m_CorrespondingSourceObject: {fileID: 0}
  m_PrefabInstance: {fileID: 0}
  m_PrefabAsset: {fileID: 0}
  m_GameObject: {fileID: 4366935386552462234}
  m_LocalRotation: {x: -0.45394933, y: -0.004965958, z: 0.0086090425, w: 0.8909721}
  m_LocalPosition: {x: 9.685754e-10, y: 0.00061721035, z: 2.2351741e-10}
  m_LocalScale: {x: 0.99999994, y: 1, z: 1}
  m_Children:
  - {fileID: 7181460888004342824}
  m_Father: {fileID: 5712824405507022031}
  m_RootOrder: 0
  m_LocalEulerAnglesHint: {x: 0, y: 0, z: 0}
--- !u!1 &4676738777547794827
GameObject:
  m_ObjectHideFlags: 0
  m_CorrespondingSourceObject: {fileID: 0}
  m_PrefabInstance: {fileID: 0}
  m_PrefabAsset: {fileID: 0}
  serializedVersion: 6
  m_Component:
  - component: {fileID: 3299727306301804557}
  m_Layer: 0
  m_Name: Bone.019_end
  m_TagString: Untagged
  m_Icon: {fileID: 0}
  m_NavMeshLayer: 0
  m_StaticEditorFlags: 0
  m_IsActive: 1
--- !u!4 &3299727306301804557
Transform:
  m_ObjectHideFlags: 0
  m_CorrespondingSourceObject: {fileID: 0}
  m_PrefabInstance: {fileID: 0}
  m_PrefabAsset: {fileID: 0}
  m_GameObject: {fileID: 4676738777547794827}
  m_LocalRotation: {x: 0, y: -0, z: -0, w: 1}
  m_LocalPosition: {x: -0, y: 0.00027829735, z: 0}
  m_LocalScale: {x: 1, y: 1, z: 1}
  m_Children: []
  m_Father: {fileID: 984732764712326874}
  m_RootOrder: 0
  m_LocalEulerAnglesHint: {x: 0, y: 0, z: 0}
--- !u!1 &5002997095478931705
GameObject:
  m_ObjectHideFlags: 0
  m_CorrespondingSourceObject: {fileID: 0}
  m_PrefabInstance: {fileID: 0}
  m_PrefabAsset: {fileID: 0}
  serializedVersion: 6
  m_Component:
  - component: {fileID: 7789738497968484724}
  m_Layer: 0
  m_Name: Bone.020
  m_TagString: Untagged
  m_Icon: {fileID: 0}
  m_NavMeshLayer: 0
  m_StaticEditorFlags: 0
  m_IsActive: 1
--- !u!4 &7789738497968484724
Transform:
  m_ObjectHideFlags: 0
  m_CorrespondingSourceObject: {fileID: 0}
  m_PrefabInstance: {fileID: 0}
  m_PrefabAsset: {fileID: 0}
  m_GameObject: {fileID: 5002997095478931705}
  m_LocalRotation: {x: -0.10351944, y: -0.013989913, z: -0.056617975, w: 0.9929161}
  m_LocalPosition: {x: -2.2351741e-10, y: 0.0067020943, z: -9.313225e-11}
  m_LocalScale: {x: 1, y: 0.9999999, z: 0.99999994}
  m_Children:
  - {fileID: 1542002075243363167}
  - {fileID: 6948997959003962012}
  - {fileID: 4531385464587054232}
  - {fileID: 1948135462744818268}
  - {fileID: 7874787506426565901}
  - {fileID: 6594986328814026784}
  m_Father: {fileID: 6808448037160658806}
  m_RootOrder: 0
  m_LocalEulerAnglesHint: {x: 0, y: 0, z: 0}
--- !u!1 &5100606609281580167
GameObject:
  m_ObjectHideFlags: 0
  m_CorrespondingSourceObject: {fileID: 0}
  m_PrefabInstance: {fileID: 0}
  m_PrefabAsset: {fileID: 0}
  serializedVersion: 6
  m_Component:
  - component: {fileID: 6594986328814026784}
  m_Layer: 0
  m_Name: Bone.017
  m_TagString: Untagged
  m_Icon: {fileID: 0}
  m_NavMeshLayer: 0
  m_StaticEditorFlags: 0
  m_IsActive: 1
--- !u!4 &6594986328814026784
Transform:
  m_ObjectHideFlags: 0
  m_CorrespondingSourceObject: {fileID: 0}
  m_PrefabInstance: {fileID: 0}
  m_PrefabAsset: {fileID: 0}
  m_GameObject: {fileID: 5100606609281580167}
  m_LocalRotation: {x: -0.21909785, y: 0.10708368, z: -0.36532763, w: 0.89836794}
  m_LocalPosition: {x: 0.0011599251, y: 0.0011498834, z: -0.00012150064}
  m_LocalScale: {x: 1, y: 1, z: 1.0000001}
  m_Children:
  - {fileID: 8439512035210215063}
  m_Father: {fileID: 7789738497968484724}
  m_RootOrder: 5
  m_LocalEulerAnglesHint: {x: 0, y: 0, z: 0}
--- !u!1 &5268451220596541256
GameObject:
  m_ObjectHideFlags: 0
  m_CorrespondingSourceObject: {fileID: 0}
  m_PrefabInstance: {fileID: 0}
  m_PrefabAsset: {fileID: 0}
  serializedVersion: 6
  m_Component:
  - component: {fileID: 6948997959003962012}
  m_Layer: 0
  m_Name: Bone.001
  m_TagString: Untagged
  m_Icon: {fileID: 0}
  m_NavMeshLayer: 0
  m_StaticEditorFlags: 0
  m_IsActive: 1
--- !u!4 &6948997959003962012
Transform:
  m_ObjectHideFlags: 0
  m_CorrespondingSourceObject: {fileID: 0}
  m_PrefabInstance: {fileID: 0}
  m_PrefabAsset: {fileID: 0}
  m_GameObject: {fileID: 5268451220596541256}
  m_LocalRotation: {x: -0.022645952, y: 0.0033452641, z: -0.020574272, w: 0.9995262}
  m_LocalPosition: {x: 0.0006895306, y: 0.0022468523, z: 0.000027468279}
  m_LocalScale: {x: 1, y: 1.0000001, z: 1}
  m_Children:
  - {fileID: 5712824405507022031}
  m_Father: {fileID: 7789738497968484724}
  m_RootOrder: 1
  m_LocalEulerAnglesHint: {x: 0, y: 0, z: 0}
--- !u!1 &5793055254084883730
GameObject:
  m_ObjectHideFlags: 0
  m_CorrespondingSourceObject: {fileID: 0}
  m_PrefabInstance: {fileID: 0}
  m_PrefabAsset: {fileID: 0}
  serializedVersion: 6
  m_Component:
  - component: {fileID: 7874787506426565901}
  m_Layer: 0
  m_Name: Bone.013
  m_TagString: Untagged
  m_Icon: {fileID: 0}
  m_NavMeshLayer: 0
  m_StaticEditorFlags: 0
  m_IsActive: 1
--- !u!4 &7874787506426565901
Transform:
  m_ObjectHideFlags: 0
  m_CorrespondingSourceObject: {fileID: 0}
  m_PrefabInstance: {fileID: 0}
  m_PrefabAsset: {fileID: 0}
  m_GameObject: {fileID: 5793055254084883730}
  m_LocalRotation: {x: 0.024128957, y: -0.0022401784, z: 0.08735901, w: 0.99588215}
  m_LocalPosition: {x: -0.00092737924, y: 0.0020685114, z: -0.000052044466}
  m_LocalScale: {x: 1, y: 0.99999994, z: 1}
  m_Children:
  - {fileID: 1731669459691822801}
  m_Father: {fileID: 7789738497968484724}
  m_RootOrder: 4
  m_LocalEulerAnglesHint: {x: 0, y: 0, z: 0}
--- !u!1 &6310622950265028891
GameObject:
  m_ObjectHideFlags: 0
  m_CorrespondingSourceObject: {fileID: 0}
  m_PrefabInstance: {fileID: 0}
  m_PrefabAsset: {fileID: 0}
  serializedVersion: 6
  m_Component:
  - component: {fileID: 7181460888004342824}
  m_Layer: 0
  m_Name: Bone.004
  m_TagString: Untagged
  m_Icon: {fileID: 0}
  m_NavMeshLayer: 0
  m_StaticEditorFlags: 0
  m_IsActive: 1
--- !u!4 &7181460888004342824
Transform:
  m_ObjectHideFlags: 0
  m_CorrespondingSourceObject: {fileID: 0}
  m_PrefabInstance: {fileID: 0}
  m_PrefabAsset: {fileID: 0}
  m_GameObject: {fileID: 6310622950265028891}
  m_LocalRotation: {x: -0.31525004, y: 0.00073818286, z: -0.002561674, w: 0.94900495}
  m_LocalPosition: {x: 2.9802322e-10, y: 0.00059736846, z: -8.9406965e-10}
  m_LocalScale: {x: 1, y: 1, z: 0.9999999}
  m_Children:
  - {fileID: 8178406774681360597}
  m_Father: {fileID: 5887026662251551404}
  m_RootOrder: 0
  m_LocalEulerAnglesHint: {x: 0, y: 0, z: 0}
--- !u!1 &6345862889967145216
GameObject:
  m_ObjectHideFlags: 0
  m_CorrespondingSourceObject: {fileID: 0}
  m_PrefabInstance: {fileID: 0}
  m_PrefabAsset: {fileID: 0}
  serializedVersion: 6
  m_Component:
  - component: {fileID: 9175723074182235079}
  m_Layer: 0
  m_Name: Bone.016_end
  m_TagString: Untagged
  m_Icon: {fileID: 0}
  m_NavMeshLayer: 0
  m_StaticEditorFlags: 0
  m_IsActive: 1
--- !u!4 &9175723074182235079
Transform:
  m_ObjectHideFlags: 0
  m_CorrespondingSourceObject: {fileID: 0}
  m_PrefabInstance: {fileID: 0}
  m_PrefabAsset: {fileID: 0}
  m_GameObject: {fileID: 6345862889967145216}
  m_LocalRotation: {x: 0, y: -0, z: -0, w: 1}
  m_LocalPosition: {x: -0, y: 0.00021204635, z: 0}
  m_LocalScale: {x: 1, y: 1, z: 1}
  m_Children: []
  m_Father: {fileID: 6638836020749291750}
  m_RootOrder: 0
  m_LocalEulerAnglesHint: {x: 0, y: 0, z: 0}
--- !u!1 &6554934351635349194
GameObject:
  m_ObjectHideFlags: 0
  m_CorrespondingSourceObject: {fileID: 0}
  m_PrefabInstance: {fileID: 0}
  m_PrefabAsset: {fileID: 0}
  serializedVersion: 6
  m_Component:
  - component: {fileID: 6808448037160658806}
  m_Layer: 0
  m_Name: Bone
  m_TagString: Untagged
  m_Icon: {fileID: 0}
  m_NavMeshLayer: 0
  m_StaticEditorFlags: 0
  m_IsActive: 1
--- !u!4 &6808448037160658806
Transform:
  m_ObjectHideFlags: 0
  m_CorrespondingSourceObject: {fileID: 0}
  m_PrefabInstance: {fileID: 0}
  m_PrefabAsset: {fileID: 0}
  m_GameObject: {fileID: 6554934351635349194}
  m_LocalRotation: {x: 0.22020172, y: 0.8503046, z: 0.351993, w: -0.32341042}
  m_LocalPosition: {x: 0.00018872251, y: 0, z: 0.00032082826}
  m_LocalScale: {x: 1.0000001, y: 1, z: 1}
  m_Children:
  - {fileID: 7789738497968484724}
  m_Father: {fileID: 9086018470483559450}
  m_RootOrder: 0
  m_LocalEulerAnglesHint: {x: 0, y: 0, z: 0}
--- !u!1 &7132952280877659134
GameObject:
  m_ObjectHideFlags: 0
  m_CorrespondingSourceObject: {fileID: 0}
  m_PrefabInstance: {fileID: 0}
  m_PrefabAsset: {fileID: 0}
  serializedVersion: 6
  m_Component:
  - component: {fileID: 1948135462744818268}
  m_Layer: 0
  m_Name: Bone.009
  m_TagString: Untagged
  m_Icon: {fileID: 0}
  m_NavMeshLayer: 0
  m_StaticEditorFlags: 0
  m_IsActive: 1
--- !u!4 &1948135462744818268
Transform:
  m_ObjectHideFlags: 0
  m_CorrespondingSourceObject: {fileID: 0}
  m_PrefabInstance: {fileID: 0}
  m_PrefabAsset: {fileID: 0}
  m_GameObject: {fileID: 7132952280877659134}
  m_LocalRotation: {x: -0.09124937, y: -0.009122522, z: 0.080505125, w: 0.9925267}
  m_LocalPosition: {x: -0.00042967102, y: 0.0021631957, z: 0.000051367355}
  m_LocalScale: {x: 1, y: 1, z: 1.0000001}
  m_Children:
  - {fileID: 3637840940974970545}
  m_Father: {fileID: 7789738497968484724}
  m_RootOrder: 3
  m_LocalEulerAnglesHint: {x: 0, y: 0, z: 0}
--- !u!1 &7243987198343171664
GameObject:
  m_ObjectHideFlags: 0
  m_CorrespondingSourceObject: {fileID: 0}
  m_PrefabInstance: {fileID: 0}
  m_PrefabAsset: {fileID: 0}
  serializedVersion: 6
  m_Component:
  - component: {fileID: 9086018470483559450}
  m_Layer: 0
  m_Name: Armature
  m_TagString: Untagged
  m_Icon: {fileID: 0}
  m_NavMeshLayer: 0
  m_StaticEditorFlags: 0
  m_IsActive: 1
--- !u!4 &9086018470483559450
Transform:
  m_ObjectHideFlags: 0
  m_CorrespondingSourceObject: {fileID: 0}
  m_PrefabInstance: {fileID: 0}
  m_PrefabAsset: {fileID: 0}
  m_GameObject: {fileID: 7243987198343171664}
  m_LocalRotation: {x: -0.7071068, y: 0, z: -0, w: 0.7071067}
  m_LocalPosition: {x: -0, y: 0, z: 0}
  m_LocalScale: {x: 100, y: 100, z: 100}
  m_Children:
  - {fileID: 6808448037160658806}
  m_Father: {fileID: 191632757622068356}
  m_RootOrder: 0
  m_LocalEulerAnglesHint: {x: 0, y: 0, z: 0}
--- !u!1 &7288668315601157630
GameObject:
  m_ObjectHideFlags: 0
  m_CorrespondingSourceObject: {fileID: 0}
  m_PrefabInstance: {fileID: 0}
  m_PrefabAsset: {fileID: 0}
  serializedVersion: 6
  m_Component:
  - component: {fileID: 5712824405507022031}
  m_Layer: 0
  m_Name: Bone.002
  m_TagString: Untagged
  m_Icon: {fileID: 0}
  m_NavMeshLayer: 0
  m_StaticEditorFlags: 0
  m_IsActive: 1
--- !u!4 &5712824405507022031
Transform:
  m_ObjectHideFlags: 0
  m_CorrespondingSourceObject: {fileID: 0}
  m_PrefabInstance: {fileID: 0}
  m_PrefabAsset: {fileID: 0}
  m_GameObject: {fileID: 7288668315601157630}
  m_LocalRotation: {x: -0.3047575, y: 0.015606993, z: -0.04230661, w: 0.9513619}
  m_LocalPosition: {x: -4.842877e-10, y: 0.00035310088, z: 7.4505804e-11}
  m_LocalScale: {x: 0.99999994, y: 1, z: 1}
  m_Children:
  - {fileID: 5887026662251551404}
  m_Father: {fileID: 6948997959003962012}
  m_RootOrder: 0
  m_LocalEulerAnglesHint: {x: 0, y: 0, z: 0}
--- !u!1 &7750442115038942323
GameObject:
  m_ObjectHideFlags: 0
  m_CorrespondingSourceObject: {fileID: 0}
  m_PrefabInstance: {fileID: 0}
  m_PrefabAsset: {fileID: 0}
  serializedVersion: 6
  m_Component:
  - component: {fileID: 2322855513519810270}
  m_Layer: 0
  m_Name: Bone.015
  m_TagString: Untagged
  m_Icon: {fileID: 0}
  m_NavMeshLayer: 0
  m_StaticEditorFlags: 0
  m_IsActive: 1
--- !u!4 &2322855513519810270
Transform:
  m_ObjectHideFlags: 0
  m_CorrespondingSourceObject: {fileID: 0}
  m_PrefabInstance: {fileID: 0}
  m_PrefabAsset: {fileID: 0}
  m_GameObject: {fileID: 7750442115038942323}
  m_LocalRotation: {x: -0.51417536, y: 0.003254475, z: -0.004200128, w: 0.85766864}
  m_LocalPosition: {x: -0, y: 0.00054712367, z: 2.3283064e-10}
  m_LocalScale: {x: 1, y: 1, z: 1}
  m_Children:
  - {fileID: 6638836020749291750}
  m_Father: {fileID: 1731669459691822801}
  m_RootOrder: 0
  m_LocalEulerAnglesHint: {x: 0, y: 0, z: 0}
--- !u!1 &8552546333719485458
GameObject:
  m_ObjectHideFlags: 0
  m_CorrespondingSourceObject: {fileID: 0}
  m_PrefabInstance: {fileID: 0}
  m_PrefabAsset: {fileID: 0}
  serializedVersion: 6
  m_Component:
  - component: {fileID: 984732764712326874}
  m_Layer: 0
  m_Name: Bone.019
  m_TagString: Untagged
  m_Icon: {fileID: 0}
  m_NavMeshLayer: 0
  m_StaticEditorFlags: 0
  m_IsActive: 1
--- !u!4 &984732764712326874
Transform:
  m_ObjectHideFlags: 0
  m_CorrespondingSourceObject: {fileID: 0}
  m_PrefabInstance: {fileID: 0}
  m_PrefabAsset: {fileID: 0}
  m_GameObject: {fileID: 8552546333719485458}
  m_LocalRotation: {x: -0.12310966, y: 0.03988938, z: 0.12141459, w: 0.9841297}
  m_LocalPosition: {x: -1.4901161e-10, y: 0.00066895946, z: -2.2351741e-10}
  m_LocalScale: {x: 1, y: 1, z: 1}
  m_Children:
  - {fileID: 3299727306301804557}
  m_Father: {fileID: 8439512035210215063}
  m_RootOrder: 0
  m_LocalEulerAnglesHint: {x: 0, y: 0, z: 0}
--- !u!1 &8611052341151455545
GameObject:
  m_ObjectHideFlags: 0
  m_CorrespondingSourceObject: {fileID: 0}
  m_PrefabInstance: {fileID: 0}
  m_PrefabAsset: {fileID: 0}
  serializedVersion: 6
  m_Component:
  - component: {fileID: 4527848288825903111}
  m_Layer: 0
  m_Name: Bone.011
  m_TagString: Untagged
  m_Icon: {fileID: 0}
  m_NavMeshLayer: 0
  m_StaticEditorFlags: 0
  m_IsActive: 1
--- !u!4 &4527848288825903111
Transform:
  m_ObjectHideFlags: 0
  m_CorrespondingSourceObject: {fileID: 0}
  m_PrefabInstance: {fileID: 0}
  m_PrefabAsset: {fileID: 0}
  m_GameObject: {fileID: 8611052341151455545}
  m_LocalRotation: {x: -0.4691046, y: 0.002951246, z: -0.00908535, w: 0.883091}
  m_LocalPosition: {x: 1.862645e-10, y: 0.0007058112, z: 3.72529e-10}
  m_LocalScale: {x: 1, y: 1.0000001, z: 1.0000002}
  m_Children:
  - {fileID: 8861277075743203491}
  m_Father: {fileID: 3637840940974970545}
  m_RootOrder: 0
  m_LocalEulerAnglesHint: {x: 0, y: 0, z: 0}
--- !u!1 &8674701278901852812
GameObject:
  m_ObjectHideFlags: 0
  m_CorrespondingSourceObject: {fileID: 0}
  m_PrefabInstance: {fileID: 0}
  m_PrefabAsset: {fileID: 0}
  serializedVersion: 6
  m_Component:
  - component: {fileID: 4454317717372322638}
  m_Layer: 0
  m_Name: Bone.012_end
  m_TagString: Untagged
  m_Icon: {fileID: 0}
  m_NavMeshLayer: 0
  m_StaticEditorFlags: 0
  m_IsActive: 1
--- !u!4 &4454317717372322638
Transform:
  m_ObjectHideFlags: 0
  m_CorrespondingSourceObject: {fileID: 0}
  m_PrefabInstance: {fileID: 0}
  m_PrefabAsset: {fileID: 0}
  m_GameObject: {fileID: 8674701278901852812}
  m_LocalRotation: {x: 0, y: -0, z: -0, w: 1}
  m_LocalPosition: {x: -0, y: 0.00030249628, z: 0}
  m_LocalScale: {x: 1, y: 1, z: 1}
  m_Children: []
  m_Father: {fileID: 8861277075743203491}
  m_RootOrder: 0
  m_LocalEulerAnglesHint: {x: 0, y: 0, z: 0}
--- !u!1 &8743649110544706727
GameObject:
  m_ObjectHideFlags: 0
  m_CorrespondingSourceObject: {fileID: 0}
  m_PrefabInstance: {fileID: 0}
  m_PrefabAsset: {fileID: 0}
  serializedVersion: 6
  m_Component:
  - component: {fileID: 3891419594550043213}
  m_Layer: 0
  m_Name: Bone.006
  m_TagString: Untagged
  m_Icon: {fileID: 0}
  m_NavMeshLayer: 0
  m_StaticEditorFlags: 0
  m_IsActive: 1
--- !u!4 &3891419594550043213
Transform:
  m_ObjectHideFlags: 0
  m_CorrespondingSourceObject: {fileID: 0}
  m_PrefabInstance: {fileID: 0}
  m_PrefabAsset: {fileID: 0}
  m_GameObject: {fileID: 8743649110544706727}
  m_LocalRotation: {x: -0.43500468, y: 0.0102447355, z: -0.022424342, w: 0.90009063}
  m_LocalPosition: {x: 2.6077032e-10, y: 0.0003960553, z: 1.4901161e-10}
  m_LocalScale: {x: 1, y: 1, z: 1.0000001}
  m_Children:
  - {fileID: 183050786511369751}
  m_Father: {fileID: 4531385464587054232}
  m_RootOrder: 0
  m_LocalEulerAnglesHint: {x: 0, y: 0, z: 0}
--- !u!1001 &1542002075176355660
PrefabInstance:
  m_ObjectHideFlags: 0
  serializedVersion: 2
  m_Modification:
    m_TransformParent: {fileID: 1542002075243363167}
    m_Modifications:
    - target: {fileID: 4794150188778852397, guid: 172259a1a1fe51f4a8cff74df40627b7, type: 3}
      propertyPath: m_Name
      value: EmptyBox
      objectReference: {fileID: 0}
    - target: {fileID: 4794150188778852397, guid: 172259a1a1fe51f4a8cff74df40627b7, type: 3}
      propertyPath: m_IsActive
      value: 0
      objectReference: {fileID: 0}
    - target: {fileID: 5315354350296058519, guid: 172259a1a1fe51f4a8cff74df40627b7, type: 3}
      propertyPath: m_RootOrder
      value: 0
      objectReference: {fileID: 0}
    - target: {fileID: 5315354350296058519, guid: 172259a1a1fe51f4a8cff74df40627b7, type: 3}
      propertyPath: m_LocalPosition.x
      value: -0.32546884
      objectReference: {fileID: 0}
    - target: {fileID: 5315354350296058519, guid: 172259a1a1fe51f4a8cff74df40627b7, type: 3}
      propertyPath: m_LocalPosition.y
      value: -0.28039876
      objectReference: {fileID: 0}
    - target: {fileID: 5315354350296058519, guid: 172259a1a1fe51f4a8cff74df40627b7, type: 3}
      propertyPath: m_LocalPosition.z
      value: -0.38560528
      objectReference: {fileID: 0}
    - target: {fileID: 5315354350296058519, guid: 172259a1a1fe51f4a8cff74df40627b7, type: 3}
      propertyPath: m_LocalRotation.w
      value: 0.9025877
      objectReference: {fileID: 0}
    - target: {fileID: 5315354350296058519, guid: 172259a1a1fe51f4a8cff74df40627b7, type: 3}
      propertyPath: m_LocalRotation.x
      value: -0.22743852
      objectReference: {fileID: 0}
    - target: {fileID: 5315354350296058519, guid: 172259a1a1fe51f4a8cff74df40627b7, type: 3}
      propertyPath: m_LocalRotation.y
      value: -0.285566
      objectReference: {fileID: 0}
    - target: {fileID: 5315354350296058519, guid: 172259a1a1fe51f4a8cff74df40627b7, type: 3}
      propertyPath: m_LocalRotation.z
      value: -0.22816493
      objectReference: {fileID: 0}
    - target: {fileID: 5315354350296058519, guid: 172259a1a1fe51f4a8cff74df40627b7, type: 3}
      propertyPath: m_LocalEulerAnglesHint.x
      value: -32.744
      objectReference: {fileID: 0}
    - target: {fileID: 5315354350296058519, guid: 172259a1a1fe51f4a8cff74df40627b7, type: 3}
      propertyPath: m_LocalEulerAnglesHint.y
      value: -29.307
      objectReference: {fileID: 0}
    - target: {fileID: 5315354350296058519, guid: 172259a1a1fe51f4a8cff74df40627b7, type: 3}
      propertyPath: m_LocalEulerAnglesHint.z
      value: -19.588
      objectReference: {fileID: 0}
    m_RemovedComponents: []
  m_SourcePrefab: {fileID: 100100000, guid: 172259a1a1fe51f4a8cff74df40627b7, type: 3}
--- !u!4 &6675922518872952283 stripped
Transform:
  m_CorrespondingSourceObject: {fileID: 5315354350296058519, guid: 172259a1a1fe51f4a8cff74df40627b7, type: 3}
  m_PrefabInstance: {fileID: 1542002075176355660}
  m_PrefabAsset: {fileID: 0}
--- !u!1 &6336129842882565985 stripped
GameObject:
  m_CorrespondingSourceObject: {fileID: 4794150188778852397, guid: 172259a1a1fe51f4a8cff74df40627b7, type: 3}
  m_PrefabInstance: {fileID: 1542002075176355660}
  m_PrefabAsset: {fileID: 0}
--- !u!1001 &1542002075179264060
PrefabInstance:
  m_ObjectHideFlags: 0
  serializedVersion: 2
  m_Modification:
    m_TransformParent: {fileID: 1542002075243363167}
    m_Modifications:
    - target: {fileID: 4630986140852965303, guid: 207b2af161165584e8507062133c7d06, type: 3}
      propertyPath: m_Name
      value: BoxVip
      objectReference: {fileID: 0}
    - target: {fileID: 4630986140852965303, guid: 207b2af161165584e8507062133c7d06, type: 3}
      propertyPath: m_IsActive
      value: 0
      objectReference: {fileID: 0}
    - target: {fileID: 5408614208620991757, guid: 207b2af161165584e8507062133c7d06, type: 3}
      propertyPath: m_RootOrder
      value: 1
      objectReference: {fileID: 0}
    - target: {fileID: 5408614208620991757, guid: 207b2af161165584e8507062133c7d06, type: 3}
      propertyPath: m_LocalPosition.x
      value: -0.4
      objectReference: {fileID: 0}
    - target: {fileID: 5408614208620991757, guid: 207b2af161165584e8507062133c7d06, type: 3}
      propertyPath: m_LocalPosition.y
      value: -0.51
      objectReference: {fileID: 0}
    - target: {fileID: 5408614208620991757, guid: 207b2af161165584e8507062133c7d06, type: 3}
      propertyPath: m_LocalPosition.z
      value: -0.38
      objectReference: {fileID: 0}
    - target: {fileID: 5408614208620991757, guid: 207b2af161165584e8507062133c7d06, type: 3}
      propertyPath: m_LocalRotation.w
      value: 0.9092499
      objectReference: {fileID: 0}
    - target: {fileID: 5408614208620991757, guid: 207b2af161165584e8507062133c7d06, type: 3}
      propertyPath: m_LocalRotation.x
      value: -0.19066203
      objectReference: {fileID: 0}
    - target: {fileID: 5408614208620991757, guid: 207b2af161165584e8507062133c7d06, type: 3}
      propertyPath: m_LocalRotation.y
      value: -0.30930007
      objectReference: {fileID: 0}
    - target: {fileID: 5408614208620991757, guid: 207b2af161165584e8507062133c7d06, type: 3}
      propertyPath: m_LocalRotation.z
      value: -0.20309143
      objectReference: {fileID: 0}
    - target: {fileID: 5408614208620991757, guid: 207b2af161165584e8507062133c7d06, type: 3}
      propertyPath: m_LocalEulerAnglesHint.x
      value: -28.187
      objectReference: {fileID: 0}
    - target: {fileID: 5408614208620991757, guid: 207b2af161165584e8507062133c7d06, type: 3}
      propertyPath: m_LocalEulerAnglesHint.y
      value: -33.386
      objectReference: {fileID: 0}
    - target: {fileID: 5408614208620991757, guid: 207b2af161165584e8507062133c7d06, type: 3}
      propertyPath: m_LocalEulerAnglesHint.z
      value: -16.571
      objectReference: {fileID: 0}
    m_RemovedComponents: []
  m_SourcePrefab: {fileID: 100100000, guid: 207b2af161165584e8507062133c7d06, type: 3}
--- !u!4 &6802981085283466545 stripped
Transform:
  m_CorrespondingSourceObject: {fileID: 5408614208620991757, guid: 207b2af161165584e8507062133c7d06, type: 3}
  m_PrefabInstance: {fileID: 1542002075179264060}
  m_PrefabAsset: {fileID: 0}
--- !u!1 &6134707450176464779 stripped
GameObject:
  m_CorrespondingSourceObject: {fileID: 4630986140852965303, guid: 207b2af161165584e8507062133c7d06, type: 3}
  m_PrefabInstance: {fileID: 1542002075179264060}
  m_PrefabAsset: {fileID: 0}
--- !u!1001 &1542002075403545549
PrefabInstance:
  m_ObjectHideFlags: 0
  serializedVersion: 2
  m_Modification:
    m_TransformParent: {fileID: 1542002075243363167}
    m_Modifications:
    - target: {fileID: 4911736623197350140, guid: 71c4b9c7e94324743b4658f4ff7573c4, type: 3}
      propertyPath: m_Name
      value: BoxNormal
      objectReference: {fileID: 0}
    - target: {fileID: 4911736623197350140, guid: 71c4b9c7e94324743b4658f4ff7573c4, type: 3}
      propertyPath: m_IsActive
      value: 0
      objectReference: {fileID: 0}
    - target: {fileID: 5720185895882338886, guid: 71c4b9c7e94324743b4658f4ff7573c4, type: 3}
      propertyPath: m_RootOrder
      value: 2
      objectReference: {fileID: 0}
    - target: {fileID: 5720185895882338886, guid: 71c4b9c7e94324743b4658f4ff7573c4, type: 3}
      propertyPath: m_LocalPosition.x
      value: -0.4
      objectReference: {fileID: 0}
    - target: {fileID: 5720185895882338886, guid: 71c4b9c7e94324743b4658f4ff7573c4, type: 3}
      propertyPath: m_LocalPosition.y
      value: -0.51
      objectReference: {fileID: 0}
    - target: {fileID: 5720185895882338886, guid: 71c4b9c7e94324743b4658f4ff7573c4, type: 3}
      propertyPath: m_LocalPosition.z
      value: -0.384
      objectReference: {fileID: 0}
    - target: {fileID: 5720185895882338886, guid: 71c4b9c7e94324743b4658f4ff7573c4, type: 3}
      propertyPath: m_LocalRotation.w
      value: 0.9092499
      objectReference: {fileID: 0}
    - target: {fileID: 5720185895882338886, guid: 71c4b9c7e94324743b4658f4ff7573c4, type: 3}
      propertyPath: m_LocalRotation.x
      value: -0.19066203
      objectReference: {fileID: 0}
    - target: {fileID: 5720185895882338886, guid: 71c4b9c7e94324743b4658f4ff7573c4, type: 3}
      propertyPath: m_LocalRotation.y
      value: -0.30930007
      objectReference: {fileID: 0}
    - target: {fileID: 5720185895882338886, guid: 71c4b9c7e94324743b4658f4ff7573c4, type: 3}
      propertyPath: m_LocalRotation.z
      value: -0.20309143
      objectReference: {fileID: 0}
    - target: {fileID: 5720185895882338886, guid: 71c4b9c7e94324743b4658f4ff7573c4, type: 3}
      propertyPath: m_LocalEulerAnglesHint.x
      value: -28.187
      objectReference: {fileID: 0}
    - target: {fileID: 5720185895882338886, guid: 71c4b9c7e94324743b4658f4ff7573c4, type: 3}
      propertyPath: m_LocalEulerAnglesHint.y
      value: -33.386
      objectReference: {fileID: 0}
    - target: {fileID: 5720185895882338886, guid: 71c4b9c7e94324743b4658f4ff7573c4, type: 3}
      propertyPath: m_LocalEulerAnglesHint.z
      value: -16.571
      objectReference: {fileID: 0}
    - target: {fileID: 7325279465440079405, guid: 71c4b9c7e94324743b4658f4ff7573c4, type: 3}
      propertyPath: m_Mesh
      value: 
      objectReference: {fileID: 4493585093827132993, guid: a0aacbc2b64c22f4893b1c4a690d2047, type: 3}
    - target: {fileID: 8704883407501082083, guid: 71c4b9c7e94324743b4658f4ff7573c4, type: 3}
      propertyPath: m_Mesh
      value: 
      objectReference: {fileID: 7506022949801504896, guid: a0aacbc2b64c22f4893b1c4a690d2047, type: 3}
    m_RemovedComponents: []
  m_SourcePrefab: {fileID: 100100000, guid: 71c4b9c7e94324743b4658f4ff7573c4, type: 3}
--- !u!1 &5859100483605726001 stripped
GameObject:
  m_CorrespondingSourceObject: {fileID: 4911736623197350140, guid: 71c4b9c7e94324743b4658f4ff7573c4, type: 3}
  m_PrefabInstance: {fileID: 1542002075403545549}
  m_PrefabAsset: {fileID: 0}
--- !u!4 &6486419814009264523 stripped
Transform:
  m_CorrespondingSourceObject: {fileID: 5720185895882338886, guid: 71c4b9c7e94324743b4658f4ff7573c4, type: 3}
  m_PrefabInstance: {fileID: 1542002075403545549}
  m_PrefabAsset: {fileID: 0}
